@Manual{R-afex,
  title = {afex: Analysis of Factorial Experiments},
  author = {Henrik Singmann and Ben Bolker and Jake Westfall and Frederik Aust and Mattan S. Ben-Shachar},
  year = {2021},
  note = {R package version 0.28-1},
  url = {https://CRAN.R-project.org/package=afex},
}
@Manual{R-aggregation1,
  title = {aggregation1: Aggregation 1 experiment},
  author = {Shir Dekel},
  year = {2021},
  note = {R package version 1.0},
  url = {https://github.com/shirdekel/aggregation1},
}
@Manual{R-aggregation2,
  title = {aggregation2: Aggregation 2 experiment},
  author = {Shir Dekel},
  year = {2021},
  note = {R package version 1.0},
  url = {https://github.com/shirdekel/aggregation2},
}
@Manual{R-aggregation3,
  title = {aggregation3: Aggregation 3 experiment},
  author = {Shir Dekel},
  year = {2021},
  note = {R package version 1.0},
  url = {https://github.com/shirdekel/aggregation3},
}
@Manual{R-aggregation4,
  title = {aggregation4: Aggregation 4 experiment},
  author = {Shir Dekel},
  year = {2021},
  note = {R package version 1.0},
  url = {https://github.com/shirdekel/aggregation4},
}
@Manual{R-alignment1,
  title = {alignment1: Alignment 1 experiment},
  author = {Shir Dekel},
  year = {2021},
  note = {R package version 1.0},
  url = {https://github.com/shirdekel/alignment1},
}
@Manual{R-alignment2,
  title = {alignment2: Alignment 2 experiment},
  author = {Shir Dekel},
  year = {2021},
  note = {R package version 1.0},
  url = {https://github.com/shirdekel/alignment2},
}
@Manual{R-alignment3,
  title = {alignment3: Alignment 3 experiment},
  author = {Shir Dekel},
  year = {2021},
  note = {R package version 1.0},
  url = {https://github.com/shirdekel/alignment3},
}
@Manual{R-alignment4,
  title = {alignment4: Alignment 4 experiment},
  author = {Shir Dekel},
  year = {2021},
  note = {R package version 1.0},
  url = {https://github.com/shirdekel/alignment4},
}
@Manual{R-alignment5,
  title = {alignment5: Alignment 5 experiment},
  author = {Shir Dekel},
  year = {2021},
  note = {R package version 1.0},
  url = {https://github.com/shirdekel/alignment5},
}
@Manual{R-alignment6,
  title = {alignment6: Alignment 6 experiment},
  author = {Shir Dekel},
  year = {2021},
  note = {R package version 1.0},
  url = {https://github.com/shirdekel/alignment6},
}
@Manual{R-alignment7,
  title = {alignment7: Alignment 7 experiment},
  author = {Shir Dekel},
  year = {2021},
  note = {R package version 1.0},
  url = {https://github.com/shirdekel/alignment7},
}
@Manual{R-alignment8,
  title = {alignment8: Alignment 8 experiment},
  author = {Shir Dekel},
  year = {2021},
  note = {R package version 1.0},
  url = {https://github.com/shirdekel/alignment8},
}
@Manual{R-anecdotes1,
  title = {anecdotes1: Anecdotes 1 experiment},
  author = {Shir Dekel},
  year = {2021},
  note = {R package version 1.0},
  url = {https://github.com/shirdekel/anecdotes1},
}
@Manual{R-anecdotes2,
  title = {anecdotes2: Anecdotes 2 experiment},
  author = {Shir Dekel},
  year = {2021},
  note = {R package version 1.0},
  url = {https://github.com/shirdekel/anecdotes2},
}
@Manual{R-base,
  title = {R: A Language and Environment for Statistical Computing},
  author = {{R Core Team}},
  organization = {R Foundation for Statistical Computing},
  address = {Vienna, Austria},
  year = {2020},
  url = {https://www.R-project.org/},
}
@Book{R-bookdown,
  title = {bookdown: Authoring Books and Technical Documents with {R} Markdown},
  author = {Yihui Xie},
  publisher = {Chapman and Hall/CRC},
  address = {Boca Raton, Florida},
  year = {2016},
  note = {ISBN 978-1138700109},
  url = {https://bookdown.org/yihui/bookdown},
}
@Manual{R-broom,
  title = {broom: Convert Statistical Objects into Tidy Tibbles},
  author = {David Robinson and Alex Hayes and Simon Couch},
  year = {2021},
  note = {https://broom.tidymodels.org/, https://github.com/tidymodels/broom},
}
@Manual{R-broom.mixed,
  title = {broom.mixed: Tidying Methods for Mixed Models},
  author = {Ben Bolker and David Robinson},
  year = {2020},
  note = {R package version 0.2.6},
  url = {https://CRAN.R-project.org/package=broom.mixed},
}
@Manual{R-conflicted,
  title = {conflicted: An Alternative Conflict Resolution Strategy},
  author = {Hadley Wickham},
  year = {2019},
  note = {R package version 1.0.4},
  url = {https://CRAN.R-project.org/package=conflicted},
}
@Manual{R-cowplot,
  title = {cowplot: Streamlined Plot Theme and Plot Annotations for 'ggplot2'},
  author = {Claus O. Wilke},
  year = {2020},
  note = {R package version 1.1.1},
  url = {https://CRAN.R-project.org/package=cowplot},
}
@Manual{R-devtools,
  title = {devtools: Tools to Make Developing R Packages Easier},
  author = {Hadley Wickham and Jim Hester and Winston Chang},
  year = {2021},
  note = {R package version 2.4.1},
  url = {https://CRAN.R-project.org/package=devtools},
}
@Manual{R-dflow,
  title = {dflow: Setup a project in the dflow style for using the drake},
  author = {Miles McBain},
  year = {2020},
  note = {R package version 0.0.0.9000},
}
@Manual{R-dplyr,
  title = {dplyr: A Grammar of Data Manipulation},
  author = {Hadley Wickham and Romain François and Lionel Henry and Kirill Müller},
  year = {2021},
  note = {https://dplyr.tidyverse.org, https://github.com/tidyverse/dplyr},
}
@Manual{R-emmeans,
  title = {emmeans: Estimated Marginal Means, aka Least-Squares Means},
  author = {Russell V. Lenth},
  year = {2021},
  note = {R package version 1.5.4-09004},
  url = {https://github.com/rvlenth/emmeans},
}
@Manual{R-forcats,
  title = {forcats: Tools for Working with Categorical Variables (Factors)},
  author = {Hadley Wickham},
  year = {2021},
  note = {R package version 0.5.1},
  url = {https://CRAN.R-project.org/package=forcats},
}
@Manual{R-ggbeeswarm,
  title = {ggbeeswarm: Categorical Scatter (Violin Point) Plots},
  author = {Erik Clarke and Scott Sherrill-Mix},
  year = {2017},
  note = {R package version 0.6.0},
  url = {https://CRAN.R-project.org/package=ggbeeswarm},
}
@Book{R-ggplot2,
  author = {Hadley Wickham},
  title = {ggplot2: Elegant Graphics for Data Analysis},
  publisher = {Springer-Verlag New York},
  year = {2016},
  isbn = {978-3-319-24277-4},
  url = {https://ggplot2.tidyverse.org},
}
@Manual{R-janitor,
  title = {janitor: Simple Tools for Examining and Cleaning Dirty Data},
  author = {Sam Firke},
  year = {2021},
  note = {R package version 2.1.0},
  url = {https://CRAN.R-project.org/package=janitor},
}
@Book{R-knitr,
  title = {Dynamic Documents with {R} and knitr},
  author = {Yihui Xie},
  publisher = {Chapman and Hall/CRC},
  address = {Boca Raton, Florida},
  year = {2015},
  edition = {2nd},
  note = {ISBN 978-1498716963},
  url = {https://yihui.org/knitr/},
}
@Article{R-lme4,
  title = {Fitting Linear Mixed-Effects Models Using {lme4}},
  author = {Douglas Bates and Martin M{\"a}chler and Ben Bolker and Steve Walker},
  journal = {Journal of Statistical Software},
  year = {2015},
  volume = {67},
  number = {1},
  pages = {1--48},
  doi = {10.18637/jss.v067.i01},
}
@Manual{R-magick,
  title = {magick: Advanced Graphics and Image-Processing in R},
  author = {Jeroen Ooms},
  year = {2021},
  note = {R package version 2.6.0},
  url = {https://CRAN.R-project.org/package=magick},
}
@Manual{R-magrittr,
  title = {magrittr: A Forward-Pipe Operator for R},
  author = {Stefan Milton Bache and Hadley Wickham},
  year = {2020},
  note = {R package version 2.0.1},
  url = {https://CRAN.R-project.org/package=magrittr},
}
@Manual{R-Matrix,
  title = {Matrix: Sparse and Dense Matrix Classes and Methods},
  author = {Douglas Bates and Martin Maechler},
  year = {2021},
  note = {R package version 1.3-2},
  url = {https://CRAN.R-project.org/package=Matrix},
}
@Manual{R-MOTE,
  title = {{MOTE: Measure of the Effect}: Package to assist in effect size calculations and their confidence intervals},
  author = {Erin M. Buchanan and Amber Gillenwaters and John E. Scofield and K.D. Valentine},
  year = {2019},
  note = {R package version 1.0.2},
  url = {http://github.com/doomlab/MOTE},
}
@Manual{R-papaja,
  title = {{papaja}: {Prepare} reproducible {APA} journal articles with {R Markdown}},
  author = {Frederik Aust and Marius Barth},
  year = {2020},
  note = {R package version 0.1.0.9997},
  url = {https://github.com/crsh/papaja},
}
@Manual{R-patchwork,
  title = {patchwork: The Composer of Plots},
  author = {Thomas Lin Pedersen},
  year = {2020},
  note = {R package version 1.1.1},
  url = {https://CRAN.R-project.org/package=patchwork},
}
@Manual{R-printy,
  title = {printy: Helper functions for pretty-printing numbers},
  author = {TJ Mahr},
  year = {2021},
  note = {R package version 0.0.0.9003},
}
@Manual{R-purrr,
  title = {purrr: Functional Programming Tools},
  author = {Lionel Henry and Hadley Wickham},
  year = {2020},
  note = {R package version 0.3.4},
  url = {https://CRAN.R-project.org/package=purrr},
}
@Manual{R-pwr,
  title = {pwr: Basic Functions for Power Analysis},
  author = {Stephane Champely},
  year = {2020},
  note = {R package version 1.3-0},
  url = {https://CRAN.R-project.org/package=pwr},
}
@Manual{R-rlang,
  title = {rlang: Functions for Base Types and Core R and 'Tidyverse' Features},
  author = {Lionel Henry and Hadley Wickham},
  year = {2021},
  note = {https://rlang.r-lib.org, https://github.com/r-lib/rlang},
}
@Manual{R-rmdfiltr,
  title = {rmdfiltr: 'Lua'-Filters for R Markdown},
  author = {Frederik Aust},
  year = {2020},
  note = {R package version 0.1.3},
  url = {https://CRAN.R-project.org/package=rmdfiltr},
}
@Manual{R-scales,
  title = {scales: Scale Functions for Visualization},
  author = {Hadley Wickham and Dana Seidel},
  year = {2020},
  note = {R package version 1.1.1},
  url = {https://CRAN.R-project.org/package=scales},
}
@Manual{R-shiR,
  title = {shiR: Shir's Thesis Functions},
  author = {Shir Dekel},
  year = {2021},
  note = {R package version 0.0.0.9000},
}
@Manual{R-shirthesis,
  title = {shirthesis: Thesis functions},
  author = {Shir Dekel},
  year = {2021},
  note = {R package version 0.0.0.9000},
  url = {https://github.com/shirdekel/shirthesis},
}
@Manual{R-snakecase,
  title = {snakecase: Convert Strings into any Case},
  author = {Malte Grosser},
  year = {2019},
  note = {R package version 0.11.0},
  url = {https://CRAN.R-project.org/package=snakecase},
}
@Manual{R-stringr,
  title = {stringr: Simple, Consistent Wrappers for Common String Operations},
  author = {Hadley Wickham},
  year = {2019},
  note = {R package version 1.4.0},
  url = {https://CRAN.R-project.org/package=stringr},
}
@Manual{R-tarchetypes,
  title = {tarchetypes: Archetypes for Targets},
  author = {William Michael Landau},
  year = {2021},
  note = {{https://docs.ropensci.org/tarchetypes/, https://github.com/ropensci/tarchetypes}},
}
@Article{R-targets,
  title = {The targets R package: a dynamic Make-like function-oriented pipeline toolkit for reproducibility and high-performance computing},
  author = {William Michael Landau},
  journal = {Journal of Open Source Software},
  year = {2021},
  volume = {6},
  number = {57},
  pages = {2959},
  url = {https://doi.org/10.21105/joss.02959},
}
@Manual{R-tibble,
  title = {tibble: Simple Data Frames},
  author = {Kirill Müller and Hadley Wickham},
  year = {2021},
  note = {R package version 3.1.2},
  url = {https://CRAN.R-project.org/package=tibble},
}
@Manual{R-tidyr,
  title = {tidyr: Tidy Messy Data},
  author = {Hadley Wickham},
  year = {2021},
  note = {R package version 1.1.3},
  url = {https://CRAN.R-project.org/package=tidyr},
}
@Manual{R-tinylabels,
  title = {{tinylabels}: Lightweight Variable Labels},
  author = {Marius Barth},
  year = {2021},
  note = {R package version 0.2.1},
  url = {https://github.com/mariusbarth/tinylabels},
}
@Manual{R-usethis,
  title = {usethis: Automate Package and Project Setup},
  author = {Hadley Wickham and Jennifer Bryan},
  year = {2021},
  note = {R package version 2.0.1},
  url = {https://CRAN.R-project.org/package=usethis},
}
@Manual{R-yaml,
  title = {yaml: Methods to Convert R Data to YAML and Back},
  author = {Jeremy Stephens and Kirill Simonov and Yihui Xie and Zhuoer Dong and Hadley Wickham and Jeffrey Horner and {reikoch} and Will Beasley and Brendan O'Connor and Gregory R. Warnes},
  year = {2020},
  note = {R package version 2.2.1},
  url = {https://CRAN.R-project.org/package=yaml},
}
