
@inproceedings{alkhatib2017,
  title = {Patterns of {{Argumentation Strategies}} across {{Topics}}},
  booktitle = {Proceedings of the 2017 {{Conference}} on {{Empirical Methods}} in {{Natural}}           {{Language Processing}}},
  author = {Al Khatib, Khalid and Wachsmuth, Henning and Hagen, Matthias and Stein, Benno},
  date = {2017},
  pages = {1351--1357},
  publisher = {{Association for Computational Linguistics}},
  location = {{Copenhagen, Denmark}},
  doi = {10/gjscsq},
  url = {http://aclweb.org/anthology/D17-1141},
  urldate = {2021-04-06},
  eventtitle = {Proceedings of the 2017 {{Conference}} on {{Empirical Methods}} in {{Natural Language Processing}}}
}

@article{allen1997,
  title = {Comparing the Persuasiveness of Narrative and Statistical Evidence Using Meta‐analysis},
  author = {Allen, Mike and Preiss, Raymond W.},
  date = {1997-03-01},
  journaltitle = {Communication Research Reports},
  volume = {14},
  pages = {125--131},
  issn = {0882-4096},
  doi = {10/djqrp7},
  url = {https://doi.org/10.1080/08824099709388654},
  urldate = {2020-01-11},
  number = {2}
}

@article{aloysius2007,
  title = {Decision Making in the Short and Long Run: {{Repeated}} Gambles and Rationality},
  shorttitle = {Decision Making in the Short and Long Run},
  author = {Aloysius, John A.},
  date = {2007-05},
  journaltitle = {British Journal of Mathematical and Statistical Psychology},
  volume = {60},
  pages = {61--69},
  issn = {00071102},
  doi = {10/czgkh3},
  url = {http://doi.wiley.com/10.1348/000711006X124143},
  urldate = {2019-10-11},
  number = {1}
}

@incollection{alpert1982,
  title = {A Progress Report on the Training of Probability Assessors},
  booktitle = {Judgment under Uncertainty},
  author = {Alpert, Marc and Raiffa, Howard},
  editor = {Kahneman, Daniel and Slovic, Paul and Tversky, Amos},
  date = {1982},
  pages = {294--305},
  publisher = {{Cambridge University Press}},
  location = {{Cambridge}},
  doi = {10.1017/CBO9780511809477.022},
  url = {https://www.cambridge.org/core/product/identifier/CBO9780511809477A035/type/book_part},
  urldate = {2019-10-21},
  isbn = {978-0-511-80947-7}
}

@article{arrfelt2015,
  title = {Examining a Key Corporate Role: {{The}} Influence of Capital Allocation Competency on Business Unit Performance},
  shorttitle = {Examining a Key Corporate Role},
  author = {Arrfelt, Mathias and Wiseman, Robert M. and McNamara, Gerry and Hult, G. Tomas M.},
  date = {2015},
  journaltitle = {Strategic Management Journal},
  volume = {36},
  pages = {1017--1034},
  issn = {1097-0266},
  doi = {10/gkhhc5},
  url = {https://onlinelibrary.wiley.com/doi/abs/10.1002/smj.2264},
  urldate = {2021-06-10},
  number = {7}
}

@article{bardolet2010,
  title = {The Hand of Corporate Management in Capital Allocations: Patterns of Investment in Multi- and Single-Business Firms},
  shorttitle = {The Hand of Corporate Management in Capital Allocations},
  author = {Bardolet, David and Lovallo, Dan and Rumelt, Richard},
  date = {2010-04-01},
  journaltitle = {Industrial and Corporate Change},
  shortjournal = {Industrial and Corporate Change},
  volume = {19},
  pages = {591--612},
  issn = {0960-6491},
  doi = {10/ctxs4t},
  url = {https://doi.org/10.1093/icc/dtq007},
  urldate = {2021-02-21},
  number = {2}
}

@article{bardolet2011,
  title = {Corporate Capital Allocation: {{A}} Behavioral Perspective},
  author = {Bardolet, David and Fox, Craig R and Lovallo, Dan},
  date = {2011},
  journaltitle = {Strategic Management Journal},
  volume = {32},
  pages = {1465--1483},
  doi = {10/cn6xsb},
  eprint = {901918054},
  eprinttype = {pmid},
  isbn = {1097-0266},
  number = {13}
}

@article{bardolet2017,
  title = {The {{Effects}} of {{Relative Size}}, {{Profitability}}, and {{Growth}} on {{Corporate Capital Allocations}}},
  author = {Bardolet, David and Brown, Alex and Lovallo, Dan},
  date = {2017-11-01},
  journaltitle = {Journal of Management},
  shortjournal = {Journal of Management},
  volume = {43},
  pages = {2469--2496},
  publisher = {{SAGE Publications Inc}},
  issn = {0149-2063},
  doi = {10/gjvc4v},
  url = {https://doi.org/10.1177/0149206316685855},
  urldate = {2021-06-11},
  number = {8}
}

@article{barney1988,
  title = {Returns to Bidding Firms in Mergers and Acquisitions: {{Reconsidering}} the Relatedness Hypothesis},
  shorttitle = {Returns to Bidding Firms in Mergers and Acquisitions},
  author = {Barney, Jay B.},
  date = {1988},
  journaltitle = {Strategic Management Journal},
  volume = {9},
  pages = {71--78},
  issn = {1097-0266},
  doi = {10/dmpq6x},
  url = {https://onlinelibrary.wiley.com/doi/abs/10.1002/smj.4250090708},
  urldate = {2021-04-19},
  number = {S1}
}

@article{barney1991,
  title = {Firm {{Resources}} and {{Sustained Competitive Advantage}}},
  author = {Barney, Jay B.},
  date = {1991-03-01},
  journaltitle = {Journal of Management},
  shortjournal = {Journal of Management},
  volume = {17},
  pages = {99--120},
  publisher = {{SAGE Publications Inc}},
  issn = {0149-2063},
  doi = {10/gpm},
  url = {https://doi.org/10.1177/014920639101700108},
  urldate = {2021-04-19},
  number = {1}
}

@report{baroneadesi2013,
  title = {A {{Tale}} of {{Two Investors}}: {{Estimating Optimism}} and {{Overconfidence}}},
  shorttitle = {A {{Tale}} of {{Two Investors}}},
  author = {Barone-Adesi, Giovanni and Mancini, Loriano and Shefrin, Hersh},
  date = {2013},
  url = {http://www.ssrn.com/abstract=2319260}
}

@article{barron2003,
  title = {Small Feedback-Based Decisions and Their Limited Correspondence to Description-Based Decisions},
  author = {Barron, Greg and Erev, Ido},
  date = {2003-07},
  journaltitle = {Journal of Behavioral Decision Making},
  shortjournal = {J. Behav. Decis. Making},
  volume = {16},
  pages = {215--233},
  issn = {0894-3257, 1099-0771},
  doi = {10/d3jsr8},
  url = {http://doi.wiley.com/10.1002/bdm.443},
  urldate = {2019-10-11},
  number = {3}
}

@article{barron2010,
  title = {The Role of Experience in the {{Gambler}}'s {{Fallacy}}},
  author = {Barron, Greg and Leider, Stephen},
  date = {2010},
  journaltitle = {Journal of Behavioral Decision Making},
  volume = {23},
  pages = {117--129},
  issn = {1099-0771},
  doi = {10/d3p92r},
  url = {https://onlinelibrary.wiley.com/doi/abs/10.1002/bdm.676},
  urldate = {2020-07-06},
  number = {1}
}

@report{batteux2020,
  title = {Impressed by {{Numbers}}: {{The Extent}} to {{Which Novice Investors Favor Precise Numerical Information}} in a {{Context}} of {{Uncertainty}}},
  shorttitle = {Impressed by {{Numbers}}},
  author = {Batteux, Eleonore and Bilovich, Avri and Johnson, Samuel and Tuckett, David},
  date = {2020-05-07},
  institution = {{Social Science Research Network}},
  location = {{Rochester, NY}},
  doi = {10.2139/ssrn.3595409},
  url = {https://papers.ssrn.com/abstract=3595409},
  urldate = {2021-04-13},
  number = {ID 3595409},
  type = {SSRN Scholarly Paper}
}

@article{bednar2013,
  title = {Burr {{Under}} the {{Saddle}}: {{How Media Coverage Influences Strategic Change}}},
  shorttitle = {Burr {{Under}} the {{Saddle}}},
  author = {Bednar, Michael K. and Boivie, Steven and Prince, Nicholas R.},
  date = {2013},
  journaltitle = {Organization Science},
  volume = {24},
  pages = {910--925},
  publisher = {{INFORMS}},
  issn = {1047-7039},
  doi = {10/gf33wh},
  eprint = {42002884},
  eprinttype = {jstor},
  number = {3}
}

@article{bellemare2005,
  title = {Myopic Loss Aversion: {{Information}} Feedback vs. Investment Flexibility},
  shorttitle = {Myopic Loss Aversion},
  author = {Bellemare, Charles and Krause, Michaela and Kröger, Sabine and Zhang, Chendi},
  date = {2005-06},
  journaltitle = {Economics Letters},
  shortjournal = {Economics Letters},
  volume = {87},
  pages = {319--324},
  issn = {01651765},
  doi = {10/dfjq7n},
  url = {https://linkinghub.elsevier.com/retrieve/pii/S0165176505000558},
  urldate = {2019-10-11},
  number = {3}
}

@article{benartzi1999,
  title = {Risk {{Aversion}} or {{Myopia}}? {{Choices}} in {{Repeated Gambles}} and {{Retirement Investments}}},
  shorttitle = {Risk {{Aversion}} or {{Myopia}}?},
  author = {Benartzi, Shlomo and Thaler, Richard H.},
  date = {1999-03},
  journaltitle = {Management Science},
  shortjournal = {Management Science},
  volume = {45},
  pages = {364--381},
  publisher = {{INFORMS}},
  issn = {0025-1909, 1526-5501},
  doi = {10/cjhp6t},
  url = {http://pubsonline.informs.org/doi/abs/10.1287/mnsc.45.3.364},
  urldate = {2019-10-11},
  number = {3}
}

@article{benartzi2001,
  title = {Naive {{Diversification Strategies}} in {{Defined Contribution Saving Plans}}},
  author = {Benartzi, Shlomo and Thaler, Richard H.},
  date = {2001-03},
  journaltitle = {American Economic Review},
  volume = {91},
  pages = {79--98},
  issn = {0002-8282},
  doi = {10/cfd4pb},
  url = {https://www.aeaweb.org/articles?id=10.1257/aer.91.1.79},
  urldate = {2021-04-26},
  number = {1}
}

@article{bernoulli1954,
  title = {Exposition of a {{New Theory}} on the {{Measurement}} of {{Risk}}},
  author = {Bernoulli, Daniel},
  date = {1954},
  origdate = {1738},
  journaltitle = {Econometrica},
  volume = {22},
  pages = {23--36},
  publisher = {{[Wiley, Econometric Society]}},
  issn = {0012-9682},
  doi = {10/cw729v},
  eprint = {662},
  eprinttype = {pmid},
  isbn = {00129682},
  number = {1}
}

@article{beshears2016,
  title = {Does {{Aggregated Returns Disclosure Increase Portfolio Risk Taking}}?},
  author = {Beshears, John and Choi, James J. and Laibson, David and Madrian, Brigitte C.},
  date = {2016},
  journaltitle = {The Review of Financial Studies},
  volume = {30},
  pages = {1971--2005},
  issn = {0893-9454, 1465-7368},
  doi = {10/gjscs7},
  url = {https://academic.oup.com/rfs/article/30/6/1971/2528259},
  urldate = {2019-10-11},
  number = {6}
}

@article{bettis2017,
  title = {Organizationally {{Intractable Decision Problems}} and the {{Intellectual Virtues}} of {{Heuristics}}},
  author = {Bettis, Richard A.},
  date = {2017-11-01},
  journaltitle = {Journal of Management},
  shortjournal = {Journal of Management},
  volume = {43},
  pages = {2620--2637},
  publisher = {{SAGE Publications Inc}},
  issn = {0149-2063},
  doi = {10/gf2r6w},
  url = {https://doi.org/10.1177/0149206316679253},
  urldate = {2021-06-10},
  number = {8}
}

@article{birshan2013,
  title = {Avoiding the Quicksand: {{Ten}} Techniques for More Agile Corporate Resource Allocation},
  author = {Birshan, Michael and Engel, Marja and Sibony, Olivier},
  date = {2013-10-01},
  journaltitle = {McKinsey Quarterly},
  pages = {6},
  url = {https://www.mckinsey.com/business-functions/strategy-and-corporate-finance/our-insights/avoiding-the-quicksand},
  entrysubtype = {magazine}
}

@article{bjornsen2019,
  title = {Risk Aggregation: {{What}} Does It Really Mean?},
  shorttitle = {Risk Aggregation},
  author = {Bjørnsen, Kjartan and Aven, Terje},
  date = {2019-11},
  journaltitle = {Reliability Engineering \& System Safety},
  shortjournal = {Reliability Engineering \& System Safety},
  volume = {191},
  pages = {106524},
  publisher = {{Elsevier Ltd}},
  issn = {09518320},
  doi = {10/gjscst},
  url = {https://linkinghub.elsevier.com/retrieve/pii/S0951832018307932},
  urldate = {2019-10-11}
}

@article{bostrom2008,
  title = {Visualizing {{Seismic Risk}} and {{Uncertainty}}: {{A Review}} of {{Related Research}}},
  author = {Bostrom, Ann and Anselin, Luc and Farris, Jeremy},
  date = {2008-04},
  journaltitle = {Annals of the New York Academy of Sciences},
  volume = {1128},
  pages = {29--40},
  issn = {00778923, 17496632},
  doi = {10/c32d9k},
  url = {http://doi.wiley.com/10.1196/annals.1399.005},
  urldate = {2019-10-21},
  number = {1}
}

@book{bower1970,
  title = {Managing the Resource Allocation Process: A Study of Corporate Planning and Investment},
  author = {Bower, Joseph L.},
  date = {1970},
  publisher = {{Division of Research, Graduate School of Business Administration, Harvard University}},
  location = {{Boston}},
  isbn = {875840833}
}

@book{bower2005,
  title = {From Resource Allocation to Strategy},
  editor = {Bower, Joseph L. and Gilbert, Clark G.},
  date = {2005},
  publisher = {{Oxford University Press}},
  location = {{Oxford}},
  isbn = {978-0-19-927744-5},
  pagetotal = {482}
}

@online{boyd2021,
  title = {Wesfarmers {{CEO}} Proves His Worth},
  author = {Boyd, Tony},
  date = {2021-06-03T14:00:00Z},
  url = {https://www.afr.com/chanticleer/wesfarmers-ceo-proves-his-worth-20210603-p57xmq},
  organization = {{Australian Financial Review}}
}

@incollection{bradley2013,
  title = {Decision {{Theory}}, {{Philosophical Perspectives}}},
  booktitle = {Encyclopedia of the Mind},
  author = {Bradley, Darren},
  editor = {Pashler, Harold E.},
  date = {2013},
  publisher = {{SAGE Publications, Inc.}},
  location = {{Los Angeles}},
  doi = {10.4135/9781452257044.n81},
  eprint = {25246403},
  eprinttype = {pmid},
  isbn = {978-1-4129-5057-2}
}

@thesis{bristow2011,
  title = {There Is More to {{Life}} than {{Expected Values}}: {{Results}} of {{Free Distributions}} of {{Multiple}}-{{Play Gambles}}},
  author = {Bristow, R Evan},
  date = {2011},
  institution = {{Miami University}},
  location = {{Oxford, Ohio}},
  url = {https://etd.ohiolink.edu/apexprod/rws_etd/send_file/send?accession=miami1304352729},
  type = {Masters thesis}
}

@incollection{brodlie2012,
  title = {A {{Review}} of {{Uncertainty}} in {{Data Visualization}}},
  booktitle = {Expanding the {{Frontiers}} of {{Visual Analytics}} and {{Visualization}}},
  author = {Brodlie, Ken and Allendes Osorio, Rodolfo and Lopes, Adriano},
  editor = {Dill, John and Earnshaw, Rae and Kasik, David and Vince, John and Wong, Pak Chung},
  date = {2012},
  pages = {81--109},
  publisher = {{Springer London}},
  location = {{London}},
  doi = {10.1007/978-1-4471-2804-5_6},
  url = {http://link.springer.com/10.1007/978-1-4471-2804-5_6},
  urldate = {2019-10-21},
  isbn = {978-1-4471-2803-8 978-1-4471-2804-5}
}

@article{bukszar1988,
  title = {Hindsight {{Bias}} and {{Strategic Choice}}: {{Some Problems}} in {{Learning From Experience}}},
  shorttitle = {Hindsight {{Bias}} and {{Strategic Choice}}},
  author = {Bukszar, Ed and Connolly, Terry},
  date = {1988-09-01},
  journaltitle = {Academy of Management Journal},
  shortjournal = {AMJ},
  volume = {31},
  pages = {628--641},
  publisher = {{Academy of Management}},
  issn = {0001-4273},
  doi = {10/gjscqv},
  url = {https://journals.aom.org/doi/abs/10.5465/256462},
  urldate = {2021-04-22},
  number = {3}
}

@article{burgelman1983,
  title = {A {{Process Model}} of {{Internal Corporate Venturing}} in the {{Diversified Major Firm}}},
  author = {Burgelman, Robert A.},
  date = {1983-06},
  journaltitle = {Administrative Science Quarterly},
  shortjournal = {Administrative Science Quarterly},
  volume = {28},
  pages = {223--244},
  issn = {00018392},
  doi = {10/dsvjgf},
  eprint = {2392619},
  eprinttype = {jstor},
  number = {2}
}

@article{camerer1999,
  title = {Overconfidence and {{Excess Entry}}: {{An Experimental Approach}}},
  shorttitle = {Overconfidence and {{Excess Entry}}},
  author = {Camerer, Colin and Lovallo, Dan},
  date = {1999-03},
  journaltitle = {American Economic Review},
  volume = {89},
  pages = {306--318},
  issn = {0002-8282},
  doi = {10/bnkbkb},
  url = {https://www.aeaweb.org/articles?id=10.1257/aer.89.1.306},
  urldate = {2021-06-12},
  number = {1}
}

@article{camilleri2011,
  title = {When and Why Rare Events Are Underweighted: {{A}} Direct Comparison of the Sampling, Partial Feedback, Full Feedback and Description Choice Paradigms},
  shorttitle = {When and Why Rare Events Are Underweighted},
  author = {Camilleri, Adrian R. and Newell, Ben R.},
  date = {2011-04},
  journaltitle = {Psychonomic Bulletin \& Review},
  shortjournal = {Psychon Bull Rev},
  volume = {18},
  pages = {377--384},
  issn = {1069-9384, 1531-5320},
  doi = {10/cz55xk},
  url = {http://www.springerlink.com/index/10.3758/s13423-010-0040-2},
  urldate = {2019-10-11},
  number = {2}
}

@article{camilleri2013,
  title = {The Long and Short of It: {{Closing}} the Description-Experience “Gap” by Taking the Long-Run View},
  shorttitle = {The Long and Short of It},
  author = {Camilleri, Adrian R. and Newell, Ben R.},
  date = {2013-01},
  journaltitle = {Cognition},
  shortjournal = {Cognition},
  volume = {126},
  pages = {54--71},
  issn = {00100277},
  doi = {10/f4gq3w},
  url = {https://linkinghub.elsevier.com/retrieve/pii/S0010027712002016},
  urldate = {2019-10-11},
  number = {1}
}

@article{carvalho2021,
  title = {The Distributional Properties of Exemplars Affect Category Learning and Generalization},
  author = {Carvalho, Paulo F. and Chen, Chi-hsin and Yu, Chen},
  date = {2021-05-28},
  journaltitle = {Scientific Reports},
  shortjournal = {Sci Rep},
  volume = {11},
  pages = {11263},
  publisher = {{Nature Publishing Group}},
  issn = {2045-2322},
  doi = {10.1038/s41598-021-90743-0},
  url = {https://www.nature.com/articles/s41598-021-90743-0},
  urldate = {2021-06-14},
  issue = {1},
  number = {1}
}

@article{cavagnac2005,
  title = {Strategic Managerial Incentives under Adverse Selection},
  author = {Cavagnac, Michel},
  date = {2005},
  journaltitle = {Managerial and Decision Economics},
  volume = {26},
  pages = {499--512},
  issn = {1099-1468},
  doi = {10/cwdbtp},
  url = {https://onlinelibrary.wiley.com/doi/abs/10.1002/mde.1237},
  urldate = {2021-04-26},
  number = {8}
}

@manual{champely2020,
  title = {Pwr: {{Basic}} Functions for Power Analysis},
  author = {Champely, Stephane},
  date = {2020},
  url = {https://github.com/heliosdrm/pwr},
  type = {manual}
}

@article{chen2006a,
  title = {How {{Basic Are Behavioral Biases}}? {{Evidence}} from {{Capuchin Monkey Trading Behavior}}},
  shorttitle = {How {{Basic Are Behavioral Biases}}?},
  author = {Chen, M. Keith and Lakshminarayanan, Venkat and Santos, Laurie R.},
  date = {2006-06-01},
  journaltitle = {Journal of Political Economy},
  volume = {114},
  pages = {517--537},
  publisher = {{The University of Chicago Press}},
  issn = {0022-3808},
  doi = {10/fr7jw7},
  url = {https://www.journals.uchicago.edu/doi/10.1086/503550},
  urldate = {2021-04-20},
  isbn = {0022-3808},
  number = {3}
}

@article{christensenszalanski1991,
  title = {The Hindsight Bias: {{A}} Meta-Analysis},
  shorttitle = {The Hindsight Bias},
  author = {Christensen-Szalanski, Jay J. J and Willham, Cynthia Fobian},
  date = {1991-02-01},
  journaltitle = {Organizational Behavior and Human Decision Processes},
  shortjournal = {Organizational Behavior and Human Decision Processes},
  volume = {48},
  pages = {147--168},
  issn = {0749-5978},
  doi = {10/fhnf22},
  url = {https://www.sciencedirect.com/science/article/pii/074959789190010Q},
  urldate = {2021-04-22},
  number = {1}
}

@article{clark1993,
  title = {The Cognizer's Innards},
  author = {Clark, Andy and Karmilff-Smith, Annette},
  date = {1993},
  journaltitle = {Mind \& Language},
  volume = {8},
  pages = {487--519},
  doi = {10/csfpck},
  url = {https://www.era.lib.ed.ac.uk/bitstream/handle/1842/1327/Cognizer.pdf?sequence=1&isAllowed=y},
  number = {4}
}

@article{coase1937,
  title = {The {{Nature}} of the {{Firm}}},
  author = {Coase, R. H.},
  date = {1937},
  journaltitle = {Economica},
  volume = {4},
  pages = {386--405},
  issn = {1468-0335},
  doi = {10/fnm876},
  url = {https://onlinelibrary.wiley.com/doi/abs/10.1111/j.1468-0335.1937.tb00002.x},
  urldate = {2021-04-26},
  number = {16}
}

@article{cohen1981,
  title = {Can Human Irrationality Be Experimentally Demonstrated?},
  author = {Cohen, L. Jonathan},
  date = {1981-09},
  journaltitle = {Behavioral and Brain Sciences},
  volume = {4},
  pages = {317--331},
  publisher = {{Cambridge University Press}},
  issn = {1469-1825, 0140-525X},
  doi = {10/fn9rpc},
  url = {https://www.cambridge.org/core/journals/behavioral-and-brain-sciences/article/can-human-irrationality-be-experimentally-demonstrated/E7A6D9F9A380C2E15DF597CF6D17CA46},
  urldate = {2021-04-22},
  number = {3}
}

@article{coombs1971,
  title = {A Test of {{VE}}-Theories of Risk and the Effect of the Central Limit Theorem},
  author = {Coombs, Clyde H and Bowen, James N},
  date = {1971},
  journaltitle = {Acta Psychologica},
  shortjournal = {Acta Psychologica},
  volume = {35},
  pages = {15--28},
  issn = {0001-6918},
  doi = {10/dm5gbv},
  number = {1}
}

@article{courtney1997,
  title = {Strategy under Uncertainty},
  author = {Courtney, H. and Kirkland, J. and Viguerie, P.},
  date = {1997},
  journaltitle = {Harvard Business Review},
  volume = {75},
  pages = {67--79},
  url = {https://hbr.org/1997/11/strategy-under-uncertainty},
  isbn = {0017-8012},
  number = {6}
}

@article{courtney2013,
  title = {Deciding {{How}} to {{Decide}}},
  author = {Courtney, Hugh and Lovallo, Dan and Clarke, Carmina},
  date = {2013-11},
  journaltitle = {Harvard Business Review},
  shortjournal = {Harvard Business Review},
  volume = {91},
  pages = {62--70},
  publisher = {{Harvard Business School Publication Corp.}},
  issn = {00178012},
  number = {11}
}

@article{cousineau2014,
  title = {Error Bars in Within-Subject Designs: A Comment on {{Baguley}} (2012)},
  shorttitle = {Error Bars in Within-Subject Designs},
  author = {Cousineau, Denis and O’Brien, Fearghal},
  date = {2014-12-01},
  journaltitle = {Behavior Research Methods},
  shortjournal = {Behav Res},
  volume = {46},
  pages = {1149--1151},
  issn = {1554-3528},
  doi = {10/f6vdsw},
  url = {https://doi.org/10.3758/s13428-013-0441-z},
  urldate = {2021-06-15},
  number = {4}
}

@article{cyert1956,
  title = {Observation of a {{Business Decision}}},
  author = {Cyert, Richard M. and Simon, Herbert A. and Trow, Donald B.},
  date = {1956},
  journaltitle = {The Journal of Business},
  volume = {29},
  pages = {237--248},
  publisher = {{University of Chicago Press}},
  issn = {0021-9398},
  doi = {10/fm8x9b},
  eprint = {2350807},
  eprinttype = {jstor},
  number = {4}
}

@article{das1999,
  title = {Cognitive {{Biases}} and {{Strategic Decision Processes}}: {{An Integrative Perspective}}},
  shorttitle = {Cognitive {{Biases}} and {{Strategic Decision Processes}}},
  author = {Das, T. K. and Teng, Bing-Sheng},
  date = {1999},
  journaltitle = {Journal of Management Studies},
  volume = {36},
  pages = {757--778},
  issn = {1467-6486},
  doi = {10/c84dxp},
  url = {https://onlinelibrary.wiley.com/doi/abs/10.1111/1467-6486.00157},
  urldate = {2021-04-26},
  number = {6}
}

@article{davis1992,
  title = {Business Unit Relatedness and Performance: {{A}} Look at the Pulp and Paper Industry},
  shorttitle = {Business Unit Relatedness and Performance},
  author = {Davis, Peter S. and Robinson, Richard B. and Pearce, John A. and Park, Seung Ho},
  date = {1992},
  journaltitle = {Strategic Management Journal},
  volume = {13},
  pages = {349--361},
  issn = {1097-0266},
  doi = {10/bx3wpx},
  url = {https://onlinelibrary.wiley.com/doi/abs/10.1002/smj.4250130504},
  urldate = {2021-04-19},
  number = {5}
}

@article{davis1997,
  title = {Modelling and Visualizing Multiple Spatial Uncertainties},
  author = {Davis, Trevor J and Keller, C Peter},
  date = {1997-05},
  journaltitle = {Computers \& Geosciences},
  volume = {23},
  pages = {397--408},
  publisher = {{Pergamon}},
  doi = {10.1016/S0098-3004(97)00012-5},
  url = {http://linkinghub.elsevier.com/retrieve/pii/S0098300497000125},
  number = {4}
}

@article{dekay2005,
  title = {When Things Don't Add up: {{The}} Role of Perceived Fungibility in Repeated-Play Decisions},
  author = {DeKay, Michael L. and Kim, Tai Gyu},
  date = {2005},
  journaltitle = {Psychological Science},
  shortjournal = {Psychological Science},
  volume = {16},
  pages = {667--672},
  issn = {0956-7976},
  doi = {10/ddgt5v},
  eprint = {16137250},
  eprinttype = {pmid},
  number = {9}
}

@article{dekay2006,
  title = {Are Medical Treatments for Individuals and Groups like Single-Play and Multiple-Play Gambles?},
  author = {DeKay, Michael L. and Hershey, John C and Spranca, Mark D and Ubel, Peter A and Asch, David A},
  date = {2006},
  journaltitle = {Judgment and Decision Making},
  volume = {1},
  pages = {12},
  url = {http://journal.sjdm.org/jdm06133.pdf},
  number = {2}
}

@article{dekay2011,
  title = {Are {{Medical Outcomes Fungible}}? {{A Survey}} of {{Voters}}, {{Medical Administrators}}, and {{Physicians}}},
  shorttitle = {Are {{Medical Outcomes Fungible}}?},
  author = {DeKay, Michael L.},
  date = {2011-03},
  journaltitle = {Medical Decision Making},
  shortjournal = {Med Decis Making},
  volume = {31},
  pages = {338--353},
  issn = {0272-989X, 1552-681X},
  doi = {10/b539tb},
  url = {http://journals.sagepub.com/doi/10.1177/0272989X10373146},
  urldate = {2019-10-11},
  number = {2}
}

@article{doumas2013,
  title = {Comparison and {{Mapping Facilitate Relation Discovery}} and {{Predication}}},
  author = {Doumas, Leonidas A. A. and Hummel, John E.},
  editor = {Sporns, Olaf},
  date = {2013-06-25},
  journaltitle = {PLoS ONE},
  shortjournal = {PLoS ONE},
  volume = {8},
  pages = {1--8},
  publisher = {{Public Library of Science}},
  issn = {1932-6203},
  doi = {10/gjscsn},
  url = {https://dx.plos.org/10.1371/journal.pone.0063889},
  urldate = {2019-12-04},
  number = {6}
}

@article{einhorn1987,
  title = {Decision Making: Going Forward in Reverse},
  shorttitle = {Decision Making},
  author = {Einhorn, Hillel J. and Hogarth, Robin M.},
  date = {1987},
  journaltitle = {Harvard Business Review},
  shortjournal = {Harvard Business Review},
  volume = {65},
  pages = {66--70},
  publisher = {{Harvard Business School Publication Corp.}},
  issn = {00178012},
  url = {https://hbr.org/1987/01/decision-making-going-forward-in-reverse},
  number = {1}
}

@book{epictetus1995,
  title = {The {{Art}} of {{Living}}: {{The Classical Manual}} on {{Virtue}}, {{Happiness}}, and {{Effectiveness}}},
  shorttitle = {The {{Art}} of {{Living}}},
  author = {Epictetus},
  date = {1995},
  origdate = {0125~},
  publisher = {{HarperCollins}},
  isbn = {978-0-06-251346-5},
  pagetotal = {132},
  translator = {Lebell, Sharon}
}

@article{ert2013,
  title = {On the Descriptive Value of Loss Aversion in Decisions under Risk: {{Six}} Clarifications},
  author = {Ert, Eyal and Erev, Ido},
  date = {2013},
  journaltitle = {Judgment and Decision Making},
  volume = {8},
  pages = {22},
  url = {http://journal.sjdm.org/12/12712/jdm12712.pdf},
  number = {3}
}

@article{flyvbjerg2018,
  title = {Five Things You Should Know about Cost Overrun},
  author = {Flyvbjerg, Bent and Ansar, Atif and Budzier, Alexander and Buhl, Søren and Cantarelli, Chantal and Garbuio, Massimo and Glenting, Carsten and Holm, Mette Skamris and Lovallo, Dan and Lunn, Daniel and Molin, Eric and Rønnest, Arne and Stewart, Allison and van Wee, Bert},
  date = {2018-12-01},
  journaltitle = {Transportation Research Part A: Policy and Practice},
  shortjournal = {Transportation Research Part A: Policy and Practice},
  volume = {118},
  pages = {174--190},
  issn = {0965-8564},
  doi = {10/ghdgv4},
  url = {https://www.sciencedirect.com/science/article/pii/S0965856418309157},
  urldate = {2021-02-20},
  options = {useprefix=true}
}

@inproceedings{fox2008,
  title = {A Brief Critical History of {{NPV}}},
  booktitle = {{{BAA Conference}}},
  author = {Fox, Roland},
  date = {2008-04-01/2008-04-03},
  pages = {16},
  location = {{Blackpool, UK}},
  url = {http://usir.salford.ac.uk/id/eprint/9291/2/NPV_paper.pdf}
}

@article{freling2020,
  title = {When Poignant Stories Outweigh Cold Hard Facts: {{A}} Meta-Analysis of the Anecdotal Bias},
  shorttitle = {When Poignant Stories Outweigh Cold Hard Facts},
  author = {Freling, Traci H. and Yang, Zhiyong and Saini, Ritesh and Itani, Omar S. and Rashad Abualsamh, Ryan},
  date = {2020-09-01},
  journaltitle = {Organizational Behavior and Human Decision Processes},
  shortjournal = {Organizational Behavior and Human Decision Processes},
  volume = {160},
  pages = {51--67},
  issn = {0749-5978},
  doi = {10/gg4t2f},
  url = {https://www.sciencedirect.com/science/article/pii/S0749597819301633},
  urldate = {2021-04-06}
}

@article{friedman1948,
  title = {The {{Utility Analysis}} of {{Choices Involving Risk}}},
  author = {Friedman, Milton and Savage, L. J.},
  date = {1948-08},
  journaltitle = {Journal of Political Economy},
  shortjournal = {Journal of Political Economy},
  volume = {56},
  pages = {279--304},
  issn = {0022-3808, 1537-534X},
  doi = {10.1086/256692},
  url = {https://www.journals.uchicago.edu/doi/10.1086/256692},
  urldate = {2021-04-26},
  number = {4}
}

@article{galesic2010,
  title = {Statistical {{Numeracy}} for {{Health}}: {{A Cross}}-Cultural {{Comparison With Probabilistic National Samples}}},
  author = {Galesic, Mirta and Garcia-Retamero, Rocio},
  date = {2010},
  journaltitle = {Arch Intern Med},
  volume = {170},
  pages = {462--468},
  doi = {10/fmj7q3},
  number = {5}
}

@article{garbuio2017,
  title = {Does Organizational Politics Kill Company Growth?},
  author = {Garbuio, Massimo and Lovallo, Dan},
  date = {2017-01-01},
  journaltitle = {Review of International Business and Strategy},
  volume = {27},
  pages = {410--433},
  publisher = {{Emerald Publishing Limited}},
  issn = {2059-6014},
  doi = {10/gjscsw},
  url = {https://doi.org/10.1108/RIBS-09-2017-0073},
  urldate = {2021-02-19},
  number = {4}
}

@incollection{gaughan2012,
  title = {Horizontal {{Integration}} and {{M}}\&{{A}}},
  booktitle = {Maximizing {{Corporate Value}} through {{Mergers}} and {{Acquisitions}}},
  editor = {Gaughan, Patrick A.},
  date = {2012},
  pages = {117--157},
  publisher = {{John Wiley \& Sons, Ltd}},
  doi = {10.1002/9781119204374.ch5},
  url = {https://onlinelibrary.wiley.com/doi/abs/10.1002/9781119204374.ch5},
  urldate = {2021-04-05},
  isbn = {978-1-119-20437-4}
}

@incollection{gaughan2012a,
  title = {Vertical {{Integration}}},
  booktitle = {Maximizing {{Corporate Value}} through {{Mergers}} and {{Acquisitions}}},
  editor = {Gaughan, Patrick A.},
  date = {2012},
  pages = {159--178},
  publisher = {{John Wiley \& Sons, Ltd}},
  doi = {10.1002/9781119204374.ch6},
  url = {https://onlinelibrary.wiley.com/doi/abs/10.1002/9781119204374.ch6},
  urldate = {2021-04-05},
  isbn = {978-1-119-20437-4}
}

@article{gavetti2005,
  title = {Strategy Making in Novel and Complex Worlds: The Power of Analogy},
  shorttitle = {Strategy Making in Novel and Complex Worlds},
  author = {Gavetti, Giovanni and Levinthal, Daniel A. and Rivkin, Jan W.},
  date = {2005},
  journaltitle = {Strategic Management Journal},
  volume = {26},
  pages = {691--712},
  issn = {1097-0266},
  doi = {10/b64gsr},
  url = {https://onlinelibrary.wiley.com/doi/abs/10.1002/smj.475},
  number = {8}
}

@article{gavetti2005a,
  title = {How {{Strategists Really Think}}},
  author = {Gavetti, Giovanni and Rivkin, Jan W.},
  date = {2005-04},
  journaltitle = {Harvard Business Review},
  shortjournal = {Harvard Business Review},
  volume = {83},
  pages = {54--63},
  issn = {00178012},
  number = {4}
}

@article{gentner1983,
  title = {Structure-{{Mapping}}: {{A Theoretical Framework}} for {{Analogy}}},
  author = {Gentner, Dedre},
  date = {1983},
  journaltitle = {Cognitive Science},
  volume = {7},
  pages = {155--170},
  doi = {10/dw52z8},
  isbn = {1551-6709},
  number = {2}
}

@article{gentner1993,
  title = {The {{Roles}} of {{Similarity}} in {{Transfer}}: {{Separating Retrievability From Inferential Soundness}}},
  shorttitle = {The {{Roles}} of {{Similarity}} in {{Transfer}}},
  author = {Gentner, Dedre and Rattermann, M. J. and Forbus, K. D.},
  date = {1993-10-01},
  journaltitle = {Cognitive Psychology},
  shortjournal = {Cognitive Psychology},
  volume = {25},
  pages = {524--575},
  issn = {0010-0285},
  doi = {10/b7tzks},
  url = {https://www.sciencedirect.com/science/article/pii/S0010028583710133},
  urldate = {2021-04-26},
  isbn = {0010-0285},
  number = {4}
}

@article{gentner1997,
  title = {Structure Mapping in Analogy and Similarity},
  author = {Gentner, Dedre and Markman, Arthur B.},
  date = {1997},
  journaltitle = {American Psychologist},
  volume = {52},
  pages = {45--56},
  doi = {10/fm4rrb},
  isbn = {1935-990X},
  number = {1}
}

@article{gertner1994,
  title = {Internal {{Versus External Capital Markets}}},
  author = {Gertner, Robert H. and Scharfstein, David S. and Stein, Jeremy C.},
  date = {1994},
  journaltitle = {The Quarterly Journal of Economics},
  volume = {109},
  pages = {1211--1230},
  publisher = {{Oxford University Press}},
  issn = {0033-5533},
  doi = {10.2307/2118361},
  eprint = {2118361},
  eprinttype = {jstor},
  number = {4}
}

@article{gigerenzer2008,
  title = {Why {{Heuristics Work}}},
  author = {Gigerenzer, Gerd},
  date = {2008-01-01},
  journaltitle = {Perspectives on Psychological Science},
  shortjournal = {Perspect Psychol Sci},
  volume = {3},
  pages = {20--29},
  publisher = {{SAGE Publications Inc}},
  issn = {1745-6916},
  doi = {10/d8h4qv},
  url = {https://doi.org/10.1111/j.1745-6916.2008.00058.x},
  urldate = {2021-04-23},
  number = {1}
}

@article{gilboa1995,
  title = {Case-{{Based Decision Theory}}},
  author = {Gilboa, Itzhak and Schmeidler, David},
  date = {1995},
  journaltitle = {The Quarterly Journal of Economics},
  volume = {110},
  pages = {605--639},
  publisher = {{Oxford University Press}},
  issn = {0033-5533},
  doi = {10/c7tz7x},
  eprint = {2946694},
  eprinttype = {jstor},
  number = {3}
}

@article{glockner2014,
  title = {What Is Adaptive about Adaptive Decision Making? {{A}} Parallel Constraint Satisfaction Account},
  shorttitle = {What Is Adaptive about Adaptive Decision Making?},
  author = {Glöckner, Andreas and Hilbig, Benjamin E. and Jekel, Marc},
  date = {2014-12-01},
  journaltitle = {Cognition},
  shortjournal = {Cognition},
  volume = {133},
  pages = {641--666},
  issn = {0010-0277},
  doi = {10/f6q9fj},
  url = {https://www.sciencedirect.com/science/article/pii/S0010027714001747},
  urldate = {2021-05-04},
  number = {3}
}

@article{gneezy1997,
  title = {An {{Experiment}} on {{Risk Taking}} and {{Evaluation Periods}}},
  author = {Gneezy, U. and Potters, J.},
  date = {1997-05-01},
  journaltitle = {The Quarterly Journal of Economics},
  shortjournal = {The Quarterly Journal of Economics},
  volume = {112},
  pages = {631--645},
  issn = {0033-5533, 1531-4650},
  doi = {10/bpkbhz},
  url = {https://academic.oup.com/qje/article-lookup/doi/10.1162/003355397555217},
  urldate = {2019-10-11},
  number = {2}
}

@article{graham2001,
  title = {The Theory and Practice of Corporate Finance: Evidence from the Field},
  shorttitle = {The Theory and Practice of Corporate Finance},
  author = {Graham, John R and Harvey, Campbell R},
  date = {2001-05-01},
  journaltitle = {Journal of Financial Economics},
  shortjournal = {Journal of Financial Economics},
  volume = {60},
  pages = {187--243},
  issn = {0304-405X},
  doi = {10/fpdzrj},
  url = {https://www.sciencedirect.com/science/article/pii/S0304405X01000447},
  urldate = {2021-02-24},
  eprint = {59332686},
  eprinttype = {pmid},
  isbn = {0304405X},
  number = {2},
  series = {Complementary {{Research Methodologies}}: {{The InterPlay}} of {{Theoretical}}, {{Empirical}} and {{Field}}-{{Based Research}} in {{Finance}}}
}

@article{graham2015,
  title = {Capital Allocation and Delegation of Decision-Making Authority within Firms},
  author = {Graham, John R. and Harvey, Campbell R. and Puri, Manju},
  date = {2015-03-01},
  journaltitle = {Journal of Financial Economics},
  shortjournal = {Journal of Financial Economics},
  volume = {115},
  pages = {449--470},
  issn = {0304-405X},
  doi = {10/gfvz8d},
  url = {https://www.sciencedirect.com/science/article/pii/S0304405X14002335},
  urldate = {2021-02-24},
  number = {3}
}

@article{grant1988,
  title = {Performance Differences between the Wrigley/Rumelt Strategic Categories},
  author = {Grant, Robert M. and Jammine, Azar P.},
  date = {1988},
  journaltitle = {Strategic Management Journal},
  volume = {9},
  pages = {333--346},
  issn = {1097-0266},
  doi = {10/fdh8xm},
  url = {https://onlinelibrary.wiley.com/doi/abs/10.1002/smj.4250090404},
  urldate = {2021-04-19},
  number = {4}
}

@article{griffin1992,
  title = {The Weighing of Evidence and the Determinants of Confidence},
  author = {Griffin, Dale and Tversky, Amos},
  date = {1992-07-01},
  journaltitle = {Cognitive Psychology},
  shortjournal = {Cognitive Psychology},
  volume = {24},
  pages = {411--435},
  issn = {0010-0285},
  doi = {10/frw7xm},
  url = {https://www.sciencedirect.com/science/article/pii/001002859290013R},
  urldate = {2021-04-06},
  number = {3}
}

@article{haigh2005,
  title = {Do {{Professional Traders Exhibit Myopic Loss Aversion}}? {{An Experimental Analysis}}},
  shorttitle = {Do {{Professional Traders Exhibit Myopic Loss Aversion}}?},
  author = {Haigh, Michael S. and List, John A.},
  date = {2005-02},
  journaltitle = {The Journal of Finance},
  volume = {60},
  pages = {523--534},
  publisher = {{American Finance Association}},
  issn = {00221082},
  doi = {10/c7jn9k},
  url = {http://doi.wiley.com/10.1111/j.1540-6261.2005.00737.x},
  urldate = {2019-10-11},
  number = {1}
}

@article{haisley2008,
  title = {Myopic Risk-Seeking: {{The}} Impact of Narrow Decision Bracketing on Lottery Play},
  shorttitle = {Myopic Risk-Seeking},
  author = {Haisley, Emily and Mostafa, Romel and Loewenstein, George},
  date = {2008-08},
  journaltitle = {Journal of Risk and Uncertainty},
  shortjournal = {J Risk Uncertain},
  volume = {37},
  pages = {57--75},
  issn = {0895-5646, 1573-0476},
  doi = {10/czj8x7},
  url = {http://link.springer.com/10.1007/s11166-008-9041-1},
  urldate = {2019-10-11},
  number = {1}
}

@article{hall2012,
  title = {How to Put Your Money Where Your Strategy Is},
  author = {Hall, S and Lovallo, D and Musters, R},
  date = {2012-03},
  journaltitle = {McKinsey Quarterly},
  url = {https://www.mckinsey.com/business-functions/strategy-and-corporate-finance/our-insights/how-to-put-your-money-where-your-strategy-is},
  entrysubtype = {magazine}
}

@article{harbaugh2001,
  title = {Are Adults Better Behaved than Children? {{Age}}, Experience, and the Endowment Effect},
  shorttitle = {Are Adults Better Behaved than Children?},
  author = {Harbaugh, William T and Krause, Kate and Vesterlund, Lise},
  date = {2001-02},
  journaltitle = {Economics Letters},
  shortjournal = {Economics Letters},
  volume = {70},
  pages = {175--181},
  issn = {01651765},
  doi = {10/db826t},
  url = {https://linkinghub.elsevier.com/retrieve/pii/S0165176500003591},
  urldate = {2021-04-20},
  number = {2}
}

@article{harrison1993,
  title = {Resource {{Allocation}} as an {{Outcropping}} of {{Strategic Consistency}}: {{Performance Implications}}},
  shorttitle = {Resource {{Allocation}} as an {{Outcropping}} of {{Strategic Consistency}}},
  author = {Harrison, Jeffrey S. and Hall, Ernest H. and Nargundkar, Rajendra},
  date = {1993-10-01},
  journaltitle = {Academy of Management Journal},
  shortjournal = {AMJ},
  volume = {36},
  pages = {1026--1051},
  publisher = {{Academy of Management}},
  issn = {0001-4273},
  doi = {10/gjscqw},
  url = {https://journals.aom.org/doi/abs/10.5465/256644},
  urldate = {2021-04-19},
  number = {5}
}

@article{haselton2009,
  title = {Adaptive {{Rationality}}: {{An Evolutionary Perspective}} on {{Cognitive Bias}}},
  shorttitle = {Adaptive {{Rationality}}},
  author = {Haselton, Martie G. and Bryant, Gregory A. and Wilke, Andreas and Frederick, David A. and Galperin, Andrew and Frankenhuis, Willem E. and Moore, Tyler},
  date = {2009-10-01},
  journaltitle = {Social Cognition},
  volume = {27},
  pages = {733--763},
  publisher = {{Guilford Publications Inc.}},
  issn = {0278-016X},
  doi = {10/c49fjq},
  url = {https://guilfordjournals.com/doi/10.1521/soco.2009.27.5.733},
  urldate = {2021-04-23},
  number = {5}
}

@article{hayes2019,
  title = {The Diversity Effect in Inductive Reasoning Depends on Sampling Assumptions},
  author = {Hayes, Brett K. and Navarro, Danielle J. and Stephens, Rachel G. and Ransom, Keith and Dilevski, Natali},
  date = {2019-06-01},
  journaltitle = {Psychonomic Bulletin \& Review},
  shortjournal = {Psychon Bull Rev},
  volume = {26},
  pages = {1043--1050},
  issn = {1531-5320},
  doi = {10/gjscss},
  url = {https://doi.org/10.3758/s13423-018-1562-2},
  urldate = {2020-12-04},
  number = {3}
}

@article{hedesstrom2006,
  title = {Covariation Neglect Among Novice Investors},
  author = {Hedesstrom, Ted Martin and Svedsater, Henrik and Garling, Tommy},
  date = {2006-09},
  journaltitle = {Journal of Experimental Psychology},
  volume = {12},
  pages = {155--165},
  publisher = {{(1)Department of Psychology, Goteborg University, Gothenburg, Sweden}},
  issn = {1076-898X},
  doi = {10/ftmd77},
  number = {3}
}

@article{hertwig2004,
  title = {Decisions from Experience and the Effect of Rare Events in Risky Choice},
  author = {Hertwig, Ralph and Barron, Greg and Weber, Elke U and Erev, Ido},
  date = {2004},
  journaltitle = {Psychological science},
  shortjournal = {Psychological science},
  volume = {15},
  pages = {534--539},
  issn = {0956-7976},
  doi = {10/b274n8},
  number = {8}
}

@incollection{hoeken2001,
  title = {Convincing Citizens: {{The}} Role of Argument Quality},
  shorttitle = {Convincing Citizens},
  booktitle = {Reading and Writing Public Documents: Problems, Solutions, and Characteristics},
  author = {Hoeken, Hans},
  editor = {Janssen, Daniël and Neutelings, Rob},
  date = {2001},
  volume = {1},
  pages = {147--169},
  publisher = {{John Benjamins Publishing Company}},
  location = {{Amsterdam}},
  doi = {10.1075/ddcs.1.08hoe},
  url = {https://benjamins.com/catalog/ddcs.1.08hoe},
  urldate = {2020-01-13},
  isbn = {978-90-272-3201-4 978-1-58811-009-1 978-90-272-9947-5}
}

@article{hoeken2009,
  title = {When Is {{Statistical Evidence Superior}} to {{Anecdotal Evidence}} in {{Supporting Probability Claims}}? {{The Role}} of {{Argument Type}}},
  shorttitle = {When Is {{Statistical Evidence Superior}} to {{Anecdotal Evidence}} in {{Supporting Probability Claims}}?},
  author = {Hoeken, Hans and Hustinx, Lettica},
  date = {2009-10},
  journaltitle = {Human Communication Research},
  volume = {35},
  pages = {491--510},
  issn = {03603989, 14682958},
  doi = {10/fgtwjd},
  url = {https://academic.oup.com/hcr/article/35/4/491-510/4107468},
  urldate = {2020-01-12},
  number = {4}
}

@article{hong2013,
  title = {On Computing the Distribution Function for the {{Poisson}} Binomial Distribution},
  author = {Hong, Yili},
  date = {2013-03},
  journaltitle = {Computational Statistics \& Data Analysis},
  shortjournal = {Computational Statistics \& Data Analysis},
  volume = {59},
  pages = {41--51},
  publisher = {{Elsevier B.V.}},
  issn = {01679473},
  doi = {10/gjscrd},
  url = {https://linkinghub.elsevier.com/retrieve/pii/S0167947312003568},
  urldate = {2020-02-17}
}

@article{horn2005,
  title = {Beating the Odds in Market Entry},
  author = {Horn, John T. and Lovallo, Dan P. and Viguerie, S. Patrick},
  date = {2005},
  journaltitle = {McKinsey Quarterly},
  url = {https://www.mckinsey.com/business-functions/strategy-and-corporate-finance/our-insights/hidden-flaws-in-strategy},
  entrysubtype = {magazine},
  number = {4}
}

@article{hornikx2005,
  title = {A Review of Experimental Research on the Relative Persuasiveness of Anecdotal, Statistical, Causal, and Expert Evidence},
  author = {Hornikx, Jos},
  date = {2005-01-01},
  journaltitle = {Studies in Communication Sciences},
  shortjournal = {Studies in Communication Sciences},
  volume = {5},
  pages = {205--216},
  url = {http://citeseerx.ist.psu.edu/viewdoc/download?doi=10.1.1.725.6516&rep=rep1&type=pdf},
  number = {1}
}

@article{hornikx2018,
  title = {Combining {{Anecdotal}} and {{Statistical Evidence}} in {{Real}}-{{Life Discourse}}: {{Comprehension}} and {{Persuasiveness}}},
  shorttitle = {Combining {{Anecdotal}} and {{Statistical Evidence}} in {{Real}}-{{Life Discourse}}},
  author = {Hornikx, Jos},
  date = {2018-04-03},
  journaltitle = {Discourse Processes},
  volume = {55},
  pages = {324--336},
  issn = {0163-853X},
  doi = {10/gjscrf},
  url = {https://doi.org/10.1080/0163853X.2017.1312195},
  urldate = {2020-01-11},
  number = {3}
}

@article{hsee1999,
  title = {Preference Reversals between Joint and Separate Evaluations of Options: {{A}} Review and Theoretical Analysis.},
  author = {Hsee, Chrisopher K. and Loewenstein, George F. and Blount, Sally and Bazerman, Max H.},
  date = {1999},
  journaltitle = {Psychological Bulletin},
  volume = {125},
  pages = {576--590},
  issn = {1939-1455(Electronic),0033-2909(Print)},
  doi = {10/dm3fvc},
  isbn = {0033-2909r1939-1455},
  number = {5}
}

@book{hubbard1914,
  title = {The {{Roycroft Dictionary}}, {{Concocted}} by {{Ali Baba}} and the {{Bunch}} on {{Rainy Days}}.},
  author = {Hubbard, Elbert},
  date = {1914},
  publisher = {{The Roycrofters}}
}

@article{hullman2015,
  title = {Hypothetical {{Outcome Plots Outperform Error Bars}} and {{Violin Plots}} for {{Inferences}} about {{Reliability}} of {{Variable Ordering}}},
  author = {Hullman, Jessica and Resnick, Paul and Adar, Eytan},
  date = {2015-11-16},
  journaltitle = {PLOS ONE},
  shortjournal = {PLOS ONE},
  volume = {10},
  pages = {e0142444},
  publisher = {{Public Library of Science}},
  issn = {1932-6203},
  doi = {10/f3tvsd},
  url = {https://journals.plos.org/plosone/article?id=10.1371/journal.pone.0142444},
  urldate = {2021-05-03},
  number = {11}
}

@report{jaramillo2019,
  title = {The Impact of Anecdotal Information on Medical Decision-Making},
  author = {Jaramillo, Sara and Horne, Zachary and Goldwater, Micah},
  date = {2019-05-15},
  institution = {{PsyArXiv}},
  doi = {10.31234/osf.io/r5pmj},
  url = {https://osf.io/r5pmj},
  urldate = {2020-01-10},
  type = {preprint}
}

@article{jessup2008,
  title = {Feedback {{Produces Divergence From Prospect Theory}} in {{Descriptive Choice}}},
  author = {Jessup, Ryan K. and Bishara, Anthony J. and Busemeyer, Jerome R.},
  date = {2008-10},
  journaltitle = {Psychological Science},
  shortjournal = {Psychol Sci},
  volume = {19},
  pages = {1015--1022},
  issn = {0956-7976, 1467-9280},
  doi = {10/bgb3qs},
  url = {http://journals.sagepub.com/doi/10.1111/j.1467-9280.2008.02193.x},
  urldate = {2019-10-11},
  eprint = {19000212},
  eprinttype = {pmid},
  number = {10}
}

@article{joag1990,
  title = {Risk Perception in a Simulated Industrial Purchasing Task: {{The Effects}} of Single versus Multi-Play Decisions},
  shorttitle = {Risk Perception in a Simulated Industrial Purchasing Task},
  author = {Joag, Shreekant G. and Mowen, John C. and Gentry, James W.},
  date = {1990-04},
  journaltitle = {Journal of Behavioral Decision Making},
  shortjournal = {J. Behav. Decis. Making},
  volume = {3},
  pages = {91--108},
  publisher = {{John Wiley \& Sons, Ltd}},
  issn = {08943257},
  doi = {10/czwknv},
  url = {http://doi.wiley.com/10.1002/bdm.3960030203},
  urldate = {2019-10-11},
  number = {2}
}

@article{johnson2003,
  title = {A {{Next Step}}: {{Visualizing Errors}} and {{Uncertainty}}},
  shorttitle = {A {{Next Step}}},
  author = {Johnson, C.R. and Sanderson, A.R.},
  date = {2003-09},
  journaltitle = {IEEE Computer Graphics and Applications},
  volume = {23},
  pages = {6--10},
  issn = {1558-1756},
  doi = {10/df8kvd},
  eventtitle = {{{IEEE Computer Graphics}} and {{Applications}}},
  number = {5}
}

@article{kahneman1979,
  title = {Prospect {{Theory}}: {{An Analysis}} of {{Decision}} under {{Risk}}},
  shorttitle = {Prospect {{Theory}}},
  author = {Kahneman, Daniel and Tversky, Amos},
  date = {1979},
  journaltitle = {Econometrica},
  volume = {47},
  pages = {263--291},
  publisher = {{[Wiley, Econometric Society]}},
  issn = {0012-9682},
  doi = {10/g98},
  eprint = {1914185},
  eprinttype = {jstor},
  number = {2}
}

@article{kahneman1993,
  title = {Timid {{Choices}} and {{Bold Forecasts}}: {{A Cognitive Perspective}} on {{Risk Taking}}},
  shorttitle = {Timid {{Choices}} and {{Bold Forecasts}}},
  author = {Kahneman, Daniel and Lovallo, Dan},
  date = {1993-01-01},
  journaltitle = {Management Science},
  shortjournal = {Management Science},
  volume = {39},
  pages = {17--31},
  publisher = {{INFORMS}},
  issn = {0025-1909},
  doi = {10/c8vntn},
  url = {https://pubsonline.informs.org/doi/abs/10.1287/mnsc.39.1.17},
  urldate = {2021-04-07},
  isbn = {00251909},
  number = {1}
}

@article{kahneman2003,
  title = {Maps of {{Bounded Rationality}}: {{Psychology}} for {{Behavioral Economics}}},
  author = {Kahneman, Daniel},
  date = {2003},
  journaltitle = {The American Economic Review},
  volume = {93},
  pages = {1449--1475},
  publisher = {{American Economic Association}},
  issn = {00028282},
  doi = {10/b5gfrt},
  url = {www.jstor.org/stable/3132137},
  number = {5}
}

@article{kale2019,
  title = {Hypothetical {{Outcome Plots Help Untrained Observers Judge Trends}} in {{Ambiguous Data}}},
  author = {Kale, Alex and Nguyen, Francis and Kay, Matthew and Hullman, Jessica},
  date = {2019-01},
  journaltitle = {IEEE Transactions on Visualization and Computer Graphics},
  volume = {25},
  pages = {892--902},
  publisher = {{IEEE}},
  issn = {1941-0506},
  doi = {10/gghfzn},
  eventtitle = {{{IEEE Transactions}} on {{Visualization}} and {{Computer Graphics}}},
  number = {1}
}

@online{kenton2021,
  title = {How {{Organizational Structures Work}}},
  author = {Kenton, Will},
  date = {2021-03-01},
  url = {https://www.investopedia.com/terms/o/organizational-structure.asp},
  urldate = {2021-04-05},
  organization = {{Investopedia}}
}

@article{keren1987,
  title = {Violation of Utility Theory in Unique and Repeated Gambles},
  author = {Keren, Gideon and Wagenaar, Willem A},
  date = {1987},
  journaltitle = {Journal of Experimental Psychology: Learning, Memory, and Cognition},
  shortjournal = {Journal of Experimental Psychology: Learning, Memory, and Cognition},
  volume = {13},
  pages = {387},
  issn = {1939-1285},
  doi = {10/dkr96j},
  number = {3}
}

@article{keren1991,
  title = {Additional Tests of Utility Theory under Unique and Repeated Conditions},
  author = {Keren, Gideon},
  date = {1991-10},
  journaltitle = {Journal of Behavioral Decision Making},
  shortjournal = {J. Behav. Decis. Making},
  volume = {4},
  pages = {297--304},
  publisher = {{John Wiley \& Sons, Ltd}},
  issn = {08943257, 10990771},
  doi = {10/bqqkt4},
  url = {http://doi.wiley.com/10.1002/bdm.3960040407},
  urldate = {2019-10-11},
  number = {4}
}

@article{kinkeldey2017,
  title = {Evaluating the Effect of Visually Represented Geodata Uncertainty on Decision-Making: Systematic Review, Lessons Learned, and Recommendations},
  shorttitle = {Evaluating the Effect of Visually Represented Geodata Uncertainty on Decision-Making},
  author = {Kinkeldey, Christoph and MacEachren, Alan M. and Riveiro, Maria and Schiewe, Jochen},
  date = {2017-01-02},
  journaltitle = {Cartography and Geographic Information Science},
  shortjournal = {Cartography and Geographic Information Science},
  volume = {44},
  pages = {1--21},
  issn = {1523-0406, 1545-0465},
  doi = {10/f3m63m},
  url = {https://www.tandfonline.com/doi/full/10.1080/15230406.2015.1089792},
  urldate = {2019-10-21},
  number = {1}
}

@article{klos2005,
  title = {Investment {{Decisions}} and {{Time Horizon}}: {{Risk Perception}} and {{Risk Behavior}} in {{Repeated Gambles}}},
  shorttitle = {Investment {{Decisions}} and {{Time Horizon}}},
  author = {Klos, Alexander and Weber, Elke U. and Weber, Martin},
  date = {2005-12},
  journaltitle = {Management Science},
  shortjournal = {Management Science},
  volume = {51},
  pages = {1777--1790},
  issn = {0025-1909, 1526-5501},
  doi = {10/bbrvhd},
  url = {http://pubsonline.informs.org/doi/abs/10.1287/mnsc.1050.0429},
  urldate = {2019-10-11},
  number = {12}
}

@article{klos2013,
  title = {Myopic Loss Aversion: {{Potential}} Causes of Replication Failures},
  author = {Klos, Alexander},
  date = {2013},
  journaltitle = {Judgment and Decision Making},
  volume = {8},
  pages = {13},
  url = {http://journal.sjdm.org/12/121229/jdm121229.pdf},
  number = {5}
}

@article{koehler1994,
  title = {Shattering the Illusion of Control: {{Multi}}-Shot versus Single-Shot Gambles},
  shorttitle = {Shattering the Illusion of Control},
  author = {Koehler, Jonathan J. and Gibbs, Brian J. and Hogarth, Robin M.},
  date = {1994},
  journaltitle = {Journal of Behavioral Decision Making},
  volume = {7},
  pages = {183--191},
  issn = {1099-0771},
  doi = {10/fwmwjs},
  url = {http://onlinelibrary.wiley.com/doi/abs/10.1002/bdm.3960070304},
  urldate = {2020-05-02},
  number = {3}
}

@article{kokkinis2019,
  title = {Exploring the Effects of the 'bonus Cap' Rule: The Impact of Remuneration Structure on Risk-Taking by Bank Managers},
  shorttitle = {Exploring the Effects of the 'bonus Cap' Rule},
  author = {Kokkinis, Andreas},
  date = {2019-04},
  journaltitle = {Journal of Corporate Law Studies},
  shortjournal = {Journal of Corporate Law Studies},
  volume = {19},
  pages = {167--195},
  issn = {14735970},
  doi = {10/gjspz9},
  url = {http://search.ebscohost.com/login.aspx?direct=true&db=bsu&AN=134716214&site=bsi-live},
  urldate = {2021-04-26},
  number = {1}
}

@article{koller2012,
  title = {Overcoming a Bias against Risk},
  author = {Koller, Tim and Lovallo, Dan and Williams, Zane},
  date = {2012-12},
  journaltitle = {McKinsey Quarterly},
  pages = {15--17},
  publisher = {{McKinsey \& Company, Inc.}},
  issn = {00475394},
  url = {https://www.mckinsey.com/business-functions/strategy-and-corporate-finance/our-insights/overcoming-a-bias-against-risk},
  entrysubtype = {magazine},
  number = {4}
}

@article{koller2017,
  title = {Should Assessing Financial Similarity Be Part of Your Corporate Portfolio Strategy?},
  author = {Koller, Tim and Lovallo, Dan and Williams, Zane},
  date = {2017},
  journaltitle = {McKinsey on Finance},
  url = {https://www.mckinsey.com/business-functions/strategy-and-corporate-finance/our-insights/should-assessing-financial-similarity-be-part-of-your-corporate-portfolio-strategy},
  entrysubtype = {magazine},
  number = {64}
}

@article{konold1993,
  title = {Inconsistencies in {{Students}}' {{Reasoning}} about {{Probability}}},
  author = {Konold, Clifford and Pollatsek, Alexander and Well, Arnold and Lohmeier, Jill and Lipson, Abigail},
  date = {1993-11},
  journaltitle = {Journal for Research in Mathematics Education},
  shortjournal = {Journal for Research in Mathematics Education},
  volume = {24},
  pages = {392},
  publisher = {{National Council of Teachers of Mathematics}},
  issn = {00218251},
  doi = {10/bq4hvm},
  eprint = {749150},
  eprinttype = {jstor},
  number = {5}
}

@thesis{kox2018,
  title = {Evaluating the Effectiveness of Uncertainty Visualizations: {{A}} User-Centered Approach},
  author = {Kox, Esther},
  date = {2018},
  institution = {{University of Utrecht}},
  url = {http://dspace.library.uu.nl/handle/1874/367380},
  type = {Masters thesis}
}

@article{kurtz2013,
  title = {Comparison Promotes Learning and Transfer of Relational Categories},
  author = {Kurtz, Kenneth J and Boukrina, Olga and Gentner, Dedre},
  date = {2013},
  journaltitle = {Journal of Experimental Psychology: Learning, Memory, and Cognition},
  volume = {39},
  pages = {1303},
  doi = {10/gjvc63},
  isbn = {1939-1285},
  number = {4}
}

@article{lakens2018,
  title = {Equivalence {{Testing}} for {{Psychological Research}}: {{A Tutorial}}},
  author = {Lakens, Daniël and Scheel, Anne M. and Isager, Peder M.},
  date = {2018-06-01},
  journaltitle = {Advances in Methods and Practices in Psychological Science},
  shortjournal = {Advances in Methods and Practices in Psychological Science},
  volume = {1},
  pages = {259--269},
  issn = {2515-2459},
  doi = {10/gdj7s9},
  url = {https://doi.org/10.1177/2515245918770963},
  urldate = {2020-01-07},
  number = {2}
}

@report{lakens2019,
  title = {Simulation-{{Based Power}}-{{Analysis}} for {{Factorial ANOVA Designs}}},
  author = {Lakens, Daniël and Caldwell, Aaron R},
  date = {2019-05-28},
  institution = {{PsyArXiv}},
  doi = {10.31234/osf.io/baxsf},
  url = {https://osf.io/baxsf},
  urldate = {2020-01-07},
  type = {preprint}
}

@article{landau2021,
  title = {The Targets {{R}} Package: A Dynamic {{Make}}-like Function-Oriented Pipeline Toolkit for Reproducibility and High-Performance Computing},
  author = {Landau, William Michael},
  date = {2021},
  journaltitle = {Journal of Open Source Software},
  volume = {6},
  pages = {2959},
  doi = {10/ghwrqs},
  url = {https://doi.org/10.21105/joss.02959},
  number = {57}
}

@article{lang1994,
  title = {Tobin's q, {{Corporate Diversification}}, and {{Firm Performance}}},
  author = {Lang, Larry H. P. and Stulz, René M.},
  date = {1994},
  journaltitle = {Journal of Political Economy},
  volume = {102},
  pages = {1248--1280},
  issn = {00223808, 1537534X},
  doi = {10/dgjvg3},
  eprint = {2138786},
  eprinttype = {jstor},
  number = {6}
}

@article{langer1975,
  title = {The Illusion of Control},
  author = {Langer, Ellen J.},
  date = {1975},
  journaltitle = {Journal of Personality and Social Psychology},
  volume = {32},
  pages = {311--328},
  publisher = {{American Psychological Association}},
  location = {{US}},
  issn = {1939-1315(Electronic),0022-3514(Print)},
  doi = {10/bhghpg},
  number = {2}
}

@article{langer2001,
  title = {Prospect {{Theory}}, {{Mental Accounting}}, and {{Differences}} in {{Aggregated}} and {{Segregated Evaluation}} of {{Lottery Portfolios}}},
  author = {Langer, Thomas and Weber, Martin},
  date = {2001-05},
  journaltitle = {Management Science},
  shortjournal = {Management Science},
  volume = {47},
  pages = {716--733},
  issn = {0025-1909, 1526-5501},
  doi = {10/fcfk69},
  url = {http://pubsonline.informs.org/doi/abs/10.1287/mnsc.47.5.716.10483},
  urldate = {2019-10-11},
  number = {5}
}

@report{lapinski2009,
  title = {A {{Strategy}} for {{Uncertainty Visualization Design}}},
  author = {Lapinski, Anna-Liesa S.},
  date = {2009-10-01},
  institution = {{Defence R\&D Canada – Atlantic}},
  url = {https://apps.dtic.mil/sti/citations/ADA523694}
}

@article{lassaline1996,
  title = {Structural Alignment in Induction and Similarity},
  author = {Lassaline, Mary E},
  date = {1996},
  journaltitle = {Journal of Experimental Psychology: Learning, Memory, and Cognition},
  volume = {22},
  pages = {754--770},
  publisher = {{American Psychological Association}},
  doi = {10/fq9fww},
  number = {3}
}

@article{li2003,
  title = {The Role of {{Expected Value}} Illustrated in Decision-Making under Risk: Single-Play vs Multiple-Play},
  shorttitle = {The Role of {{Expected Value}} Illustrated in Decision-Making under Risk},
  author = {Li, Shu},
  date = {2003-03},
  journaltitle = {Journal of Risk Research},
  shortjournal = {Journal of Risk Research},
  volume = {6},
  pages = {113--124},
  issn = {1366-9877, 1466-4461},
  doi = {10/cz6phv},
  url = {http://www.tandfonline.com/doi/abs/10.1080/1366987032000078893},
  urldate = {2019-10-11},
  number = {2}
}

@article{liebeskind2000,
  title = {Internal {{Capital Markets}}: {{Benefits}}, {{Costs}}, and {{Organizational Arrangements}}},
  shorttitle = {Internal {{Capital Markets}}},
  author = {Liebeskind, Julia Porter},
  date = {2000-02-01},
  journaltitle = {Organization Science},
  shortjournal = {Organization Science},
  volume = {11},
  pages = {58--76},
  publisher = {{INFORMS}},
  issn = {1047-7039},
  doi = {10/dkmq6t},
  url = {https://pubsonline.informs.org/doi/abs/10.1287/orsc.11.1.58.12568},
  urldate = {2021-06-10},
  number = {1}
}

@article{lipkus1999,
  title = {The {{Visual Communication}} of {{Risk}}},
  author = {Lipkus, I. M. and Hollands, J. G.},
  date = {1999-01-01},
  journaltitle = {JNCI Monographs},
  shortjournal = {JNCI Monographs},
  volume = {1999},
  pages = {149--163},
  issn = {1052-6773, 1745-6614},
  doi = {10/gd589v},
  url = {https://academic.oup.com/jncimono/article-lookup/doi/10.1093/oxfordjournals.jncimonographs.a024191},
  urldate = {2019-10-21},
  eprint = {10854471},
  eprinttype = {pmid},
  number = {25}
}

@article{lipkus2007,
  title = {Numeric, {{Verbal}}, and {{Visual Formats}} of {{Conveying Health Risks}}: {{Suggested Best Practices}} and {{Future Recommendations}}},
  shorttitle = {Numeric, {{Verbal}}, and {{Visual Formats}} of {{Conveying Health Risks}}},
  author = {Lipkus, Isaac M.},
  date = {2007-09},
  journaltitle = {Medical Decision Making},
  shortjournal = {Med Decis Making},
  volume = {27},
  pages = {696--713},
  issn = {0272-989X, 1552-681X},
  doi = {10/b8p3gf},
  url = {http://journals.sagepub.com/doi/10.1177/0272989X07307271},
  urldate = {2019-10-21},
  number = {5}
}

@article{liu2009,
  title = {Ambiguity Aversion in the Long Run: {{Repeated}} Decisions under Risk and Uncertainty},
  shorttitle = {Ambiguity Aversion in the Long Run},
  author = {Liu, Hsin-Hsien and Colman, Andrew M.},
  date = {2009-06},
  journaltitle = {Journal of Economic Psychology},
  shortjournal = {Journal of Economic Psychology},
  volume = {30},
  pages = {277--284},
  issn = {01674870},
  doi = {10/d5p9kw},
  url = {https://linkinghub.elsevier.com/retrieve/pii/S0167487009000166},
  urldate = {2019-10-11},
  number = {3}
}

@article{liu2013,
  title = {The Role of the Media in Corporate Governance: {{Do}} the Media Influence Managers' Capital Allocation Decisions?},
  shorttitle = {The Role of the Media in Corporate Governance},
  author = {Liu, Baixiao and McConnell, John J.},
  date = {2013-10},
  journaltitle = {Journal of Financial Economics},
  shortjournal = {Journal of Financial Economics},
  volume = {110},
  pages = {1--17},
  issn = {0304405X},
  doi = {10/gffggq},
  url = {https://www.sciencedirect.com/science/article/pii/S0304405X13001761},
  urldate = {2021-04-26},
  number = {1}
}

@article{long2018,
  title = {Circle of {{Incompetence}}: {{Sense}} of {{Understanding}} as an {{Improper Guide}} to {{Investment Risk}}},
  author = {Long, Andrew R and Fernbach, Philip M and De Langhe, Bart},
  date = {2018},
  journaltitle = {Journal of Marketing Research},
  volume = {55},
  pages = {474--488},
  doi = {10/gjscr7},
  url = {http://journals.ama.org/doi/10.1509/jmr.16.0429},
  number = {4}
}

@article{lopes1996,
  title = {When {{Time Is}} of the {{Essence}}: {{Averaging}}, {{Aspiration}}, and the {{Short Run}}},
  shorttitle = {When {{Time Is}} of the {{Essence}}},
  author = {Lopes, Lola L.},
  date = {1996-03},
  journaltitle = {Organizational Behavior and Human Decision Processes},
  shortjournal = {Organizational Behavior and Human Decision Processes},
  volume = {65},
  pages = {179--189},
  issn = {07495978},
  doi = {10/fdtw45},
  url = {https://linkinghub.elsevier.com/retrieve/pii/S0749597896900175},
  urldate = {2020-05-19},
  number = {3}
}

@article{lovallo2003,
  title = {Delusions of {{Success}}: {{How Optimism Undermines Executives}}' {{Decisions}}},
  author = {Lovallo, Dan and Kahneman, Daniel},
  date = {2003-07},
  journaltitle = {Harvard Business Review},
  volume = {81},
  eprint = {12858711},
  eprinttype = {pmid},
  number = {7}
}

@article{lovallo2012,
  title = {Robust Analogizing and the Outside View: Two Empirical Tests of Case-Based Decision Making},
  shorttitle = {Robust Analogizing and the Outside View},
  author = {Lovallo, Dan and Clarke, Carmina and Camerer, Colin},
  date = {2012},
  journaltitle = {Strategic Management Journal},
  volume = {33},
  pages = {496--512},
  issn = {1097-0266},
  doi = {10/dnkh8m},
  url = {http://onlinelibrary.wiley.com/doi/abs/10.1002/smj.962},
  urldate = {2020-02-10},
  number = {5}
}

@article{lovallo2014,
  title = {Is Your Budget Process Stuck on Last Year’s Numbers?},
  author = {Lovallo, Dan and Sibony, Olivier},
  date = {2014-03-01},
  journaltitle = {McKinsey Quarterly},
  pages = {3},
  url = {https://www.mckinsey.com/business-functions/strategy-and-corporate-finance/our-insights/is-your-budget-process-stuck-on-last-years-numbers},
  entrysubtype = {magazine}
}

@article{lovallo2020,
  title = {Your {{Company Is Too Risk}}-{{Averse}}},
  author = {Lovallo, Dan and Koller, Tim and Uhlaner, Robert and Kahneman, Daniel},
  date = {2020},
  journaltitle = {Harvard Business Review},
  shortjournal = {Harvard Business Review},
  volume = {98},
  pages = {104--111},
  publisher = {{Harvard Business School Publication Corp.}},
  issn = {00178012},
  number = {2}
}

@article{lubatkin1986,
  title = {Towards {{Reconciliation}} of {{Market Performance Measures}} to {{Strategic Management Research}}},
  author = {Lubatkin, Michael and Shrieves, Ronald E.},
  date = {1986-07-01},
  journaltitle = {Academy of Management Review},
  shortjournal = {AMR},
  volume = {11},
  pages = {497--512},
  publisher = {{Academy of Management}},
  issn = {0363-7425},
  doi = {10/ftmktj},
  url = {https://journals.aom.org/doi/abs/10.5465/amr.1986.4306197},
  urldate = {2021-04-19},
  number = {3}
}

@article{ludvig2011,
  title = {Of {{Black Swans}} and {{Tossed Coins}}: {{Is}} the {{Description}}-{{Experience Gap}} in {{Risky Choice Limited}} to {{Rare Events}}?},
  shorttitle = {Of {{Black Swans}} and {{Tossed Coins}}},
  author = {Ludvig, Elliot A. and Spetch, Marcia L.},
  date = {2011-06-01},
  journaltitle = {PLoS ONE},
  shortjournal = {PLoS ONE},
  volume = {6},
  pages = {e20262},
  issn = {1932-6203},
  doi = {10/ds5q2k},
  url = {http://dx.plos.org/10.1371/journal.pone.0020262},
  urldate = {2019-10-11},
  number = {6}
}

@misc{lyngs2019,
  title = {Oxforddown: {{An}} Oxford University Thesis Template for r Markdown},
  author = {Lyngs, Ulrik},
  date = {2019},
  publisher = {{GitHub}},
  doi = {10.5281/zenodo.3484682},
  url = {https://github.com/ulyngs/oxforddown}
}

@software{lyngs2021,
  title = {Ulyngs/Oxforddown},
  author = {Lyngs, Ulrik},
  date = {2021-06-07T21:17:34Z},
  origdate = {2018-11-30T00:21:33Z},
  url = {https://github.com/ulyngs/oxforddown},
  urldate = {2021-06-09}
}

@book{maccrimmon1986,
  title = {Taking Risks:  {{The}} Management of Uncertainty},
  shorttitle = {Taking Risks},
  author = {MacCrimmon, Kenneth R. and Wehrung, Donald A. and Stanbury, W. T.},
  date = {1986},
  pages = {xv, 380},
  publisher = {{Free Press}},
  location = {{New York, NY, US}},
  isbn = {978-0-02-919560-4},
  pagetotal = {xv, 380},
  series = {Taking Risks:  {{The}} Management of Uncertainty}
}

@article{maceachren1992,
  title = {Visualizing {{Uncertain Information}}},
  author = {MacEachren, Alan M.},
  date = {1992-06-01},
  journaltitle = {Cartographic Perspectives},
  shortjournal = {CP},
  pages = {10--19},
  issn = {1048-9053},
  doi = {10/gjscq9},
  url = {https://cartographicperspectives.org/index.php/journal/article/view/cp13-maceachren},
  urldate = {2019-10-21},
  number = {13}
}

@article{mahoney1992,
  title = {The Resource-Based View within the Conversation of Strategic Management},
  author = {Mahoney, Joseph T. and Pandian, J. Rajendran},
  date = {1992},
  journaltitle = {Strategic Management Journal},
  volume = {13},
  pages = {363--380},
  issn = {1097-0266},
  doi = {10/cvv4cp},
  url = {https://onlinelibrary.wiley.com/doi/abs/10.1002/smj.4250130505},
  urldate = {2021-04-19},
  number = {5}
}

@article{mannes2013,
  title = {A {{Behavioral Demonstration}} of {{Overconfidence}} in {{Judgment}}},
  author = {Mannes, Albert E. and Moore, Don A.},
  date = {2013-07},
  journaltitle = {Psychological Science},
  shortjournal = {Psychol Sci},
  volume = {24},
  pages = {1190--1197},
  publisher = {{SAGE PublicationsSage CA: Los Angeles, CA}},
  issn = {0956-7976, 1467-9280},
  doi = {10/f443q6},
  url = {http://journals.sagepub.com/doi/10.1177/0956797612470700},
  urldate = {2019-10-21},
  number = {7}
}

@article{march1987,
  title = {Managerial {{Perspectives}} on {{Risk}} and {{Risk Taking}}},
  author = {March, James G. and Shapira, Zur},
  date = {1987-11},
  journaltitle = {Management Science},
  shortjournal = {Management Science},
  volume = {33},
  pages = {1404--1418},
  issn = {0025-1909, 1526-5501},
  doi = {10/ft2phq},
  url = {http://pubsonline.informs.org/doi/abs/10.1287/mnsc.33.11.1404},
  urldate = {2019-10-21},
  number = {11}
}

@article{markman1993,
  title = {Structural {{Alignment}} during {{Similarity Comparisons}}},
  author = {Markman, Arthur B. and Gentner, Dedre},
  date = {1993-10},
  journaltitle = {Cognitive Psychology},
  shortjournal = {Cognitive Psychology},
  volume = {25},
  pages = {431--467},
  issn = {00100285},
  doi = {10/cqtx7q},
  url = {https://linkinghub.elsevier.com/retrieve/pii/S001002858371011X},
  urldate = {2019-10-31},
  isbn = {0010-0285},
  number = {4}
}

@article{markman1995,
  title = {Similarity and {{Alignment}} in {{Choice}}},
  author = {Markman, Arthur B. and Medin, Douglas L.},
  date = {1995-08},
  journaltitle = {Organizational Behavior and Human Decision Processes},
  shortjournal = {Organizational Behavior and Human Decision Processes},
  volume = {63},
  pages = {117--130},
  issn = {07495978},
  doi = {10/c8z7r9},
  url = {https://linkinghub.elsevier.com/retrieve/pii/S0749597885710679},
  urldate = {2019-10-31},
  isbn = {0749-5978},
  number = {2}
}

@article{markman2010,
  title = {Structural Comparison and Consumer Choice},
  author = {Markman, Arthur B. and Loewenstein, Jeffrey},
  date = {2010-04},
  journaltitle = {Journal of Consumer Psychology},
  shortjournal = {Journal of Consumer Psychology},
  volume = {20},
  pages = {126--137},
  issn = {10577408},
  doi = {10/d7b49c},
  url = {http://doi.wiley.com/10.1016/j.jcps.2010.01.002},
  urldate = {2019-12-04},
  number = {2}
}

@article{markowitz1952,
  title = {Portfolio {{Selection}}},
  author = {Markowitz, Harry},
  date = {1952},
  journaltitle = {The Journal of Finance},
  volume = {7},
  pages = {77--91},
  issn = {1540-6261},
  doi = {10/bhzd},
  url = {https://onlinelibrary.wiley.com/doi/abs/10.1111/j.1540-6261.1952.tb01525.x},
  urldate = {2021-04-07},
  number = {1}
}

@article{mazzolini1981,
  title = {How Strategic Decisions Are Made},
  author = {Mazzolini, Renato},
  date = {1981-06-01},
  journaltitle = {Long Range Planning},
  shortjournal = {Long Range Planning},
  volume = {14},
  pages = {85--96},
  issn = {0024-6301},
  doi = {10/dm8852},
  url = {https://www.sciencedirect.com/science/article/pii/0024630181901874},
  urldate = {2021-04-22},
  number = {3}
}

@article{mccray2002,
  title = {Project {{Management}} under {{Uncertainty}}: {{The Impact}} of {{Heuristics}} and {{Biases}}},
  shorttitle = {Project {{Management}} under {{Uncertainty}}},
  author = {McCray, Gordon E. and Purvis, Russell L. and McCray, Coleen G.},
  date = {2002-03},
  journaltitle = {Project Management Journal},
  shortjournal = {Project Management Journal},
  volume = {33},
  pages = {49--57},
  issn = {8756-9728, 1938-9507},
  doi = {10/gjscsr},
  url = {http://journals.sagepub.com/doi/10.1177/875697280203300108},
  urldate = {2020-06-09},
  number = {1}
}

@article{mckenzie2008,
  title = {Overconfidence in Interval Estimates: {{What}} Does Expertise Buy You?},
  shorttitle = {Overconfidence in Interval Estimates},
  author = {McKenzie, Craig R.M. and Liersch, Michael J. and Yaniv, Ilan},
  date = {2008-11},
  journaltitle = {Organizational Behavior and Human Decision Processes},
  shortjournal = {Organizational Behavior and Human Decision Processes},
  volume = {107},
  pages = {179--191},
  issn = {07495978},
  doi = {10/b22rw7},
  url = {https://linkinghub.elsevier.com/retrieve/pii/S0749597808000186},
  urldate = {2019-10-21},
  number = {2}
}

@article{meissner2015,
  title = {Are You Ready to Decide?},
  author = {Meissner, Philip and Sibony, Olivier and Wulf, Torsten},
  date = {2015},
  journaltitle = {McKinsey Quarterly},
  url = {https://www.mckinsey.com/business-functions/strategy-and-corporate-finance/our-insights/are-you-ready-to-decide},
  entrysubtype = {magazine}
}

@article{mintzberg1976,
  title = {The {{Structure}} of "{{Unstructured}}" {{Decision Processes}}},
  author = {Mintzberg, Henry and Raisinghani, Duru and Théorêt, André},
  date = {1976},
  journaltitle = {Administrative Science Quarterly},
  volume = {21},
  pages = {246--275},
  publisher = {{[Sage Publications, Inc., Johnson Graduate School of Management, Cornell University]}},
  issn = {0001-8392},
  doi = {10/b2t8ks},
  eprint = {4021438},
  eprinttype = {pmid},
  isbn = {00018392},
  number = {2}
}

@article{mintzberg1985,
  title = {Of Strategies, Deliberate and Emergent},
  author = {Mintzberg, Henry and Waters, James A.},
  date = {1985},
  journaltitle = {Strategic Management Journal},
  volume = {6},
  pages = {257--272},
  publisher = {{Wiley-Blackwell}},
  issn = {1097-0266},
  doi = {10/bs2pm3},
  url = {https://onlinelibrary.wiley.com/doi/abs/10.1002/smj.4250060306},
  urldate = {2021-04-20},
  number = {3}
}

@article{moher2010,
  title = {Bracketing Effects on Risk Tolerance: {{Generalizability}} and Underlying Mechanisms},
  author = {Moher, Ester and Koehler, Derek J},
  date = {2010},
  journaltitle = {Judgment and Decision Making},
  volume = {5},
  pages = {8},
  url = {http://journal.sjdm.org/10/10422/jdm10422.pdf},
  number = {5}
}

@article{montgomery1982,
  title = {Gambling Decisions and Information about Expected Value},
  author = {Montgomery, Henry and Adelbratt, Thomas},
  date = {1982-02-01},
  journaltitle = {Organizational Behavior and Human Performance},
  shortjournal = {Organizational Behavior and Human Performance},
  volume = {29},
  pages = {39--57},
  issn = {0030-5073},
  doi = {10/cvgjp4},
  url = {http://www.sciencedirect.com/science/article/pii/0030507382902410},
  number = {1}
}

@article{noda1996,
  title = {Strategy Making as Iterated Processes of Resource Allocation},
  author = {Noda, Tomo and Bower, Joseph L.},
  date = {1996},
  journaltitle = {Strategic Management Journal},
  volume = {17},
  pages = {159--192},
  issn = {1097-0266},
  doi = {10/brg23k},
  url = {https://onlinelibrary.wiley.com/doi/abs/10.1002/smj.4250171011},
  urldate = {2021-04-15},
  number = {S1}
}

@article{ortner2017,
  title = {Incentive Systems for Risky Investment Decisions under Unknown Preferences},
  author = {Ortner, Julia and Velthuis, Louis and Wollscheid, David},
  date = {2017-09-01},
  journaltitle = {Management Accounting Research},
  shortjournal = {Management Accounting Research},
  volume = {36},
  pages = {43--50},
  issn = {1044-5005},
  doi = {10/gbz24d},
  url = {https://www.sciencedirect.com/science/article/pii/S1044500516300725},
  urldate = {2021-04-26}
}

@article{padilla2018,
  title = {Decision Making with Visualizations: A Cognitive Framework across Disciplines},
  shorttitle = {Decision Making with Visualizations},
  author = {Padilla, Lace M. and Creem-Regehr, Sarah H. and Hegarty, Mary and Stefanucci, Jeanine K.},
  date = {2018-12},
  journaltitle = {Cognitive Research: Principles and Implications},
  shortjournal = {Cogn. Research},
  volume = {3},
  pages = {29},
  publisher = {{Cognitive Research: Principles and Implications}},
  issn = {2365-7464},
  doi = {10/ggrtng},
  url = {https://cognitiveresearchjournal.springeropen.com/articles/10.1186/s41235-018-0120-9},
  urldate = {2019-10-21},
  number = {1}
}

@article{pang1997,
  title = {Approaches to Uncertainty Visualization},
  author = {Pang, Alex T. and Wittenbrink, Craig M. and Lodha, Suresh K.},
  date = {1997-11-18},
  journaltitle = {The Visual Computer},
  volume = {13},
  pages = {370--390},
  publisher = {{Springer-Verlag}},
  issn = {01782789},
  doi = {10/fdnbmw},
  url = {http://link.springer.com/10.1007/s003710050111},
  urldate = {2019-10-21},
  number = {8}
}

@article{parayre1995,
  title = {The Strategic Implications of Sunk Costs: {{A}} Behavioral Perspective},
  shorttitle = {The Strategic Implications of Sunk Costs},
  author = {Parayre, Roch},
  date = {1995-12-01},
  journaltitle = {Journal of Economic Behavior \& Organization},
  shortjournal = {Journal of Economic Behavior \& Organization},
  volume = {28},
  pages = {417--442},
  issn = {0167-2681},
  doi = {10/d2wg72},
  url = {https://www.sciencedirect.com/science/article/pii/0167268195000453},
  urldate = {2021-04-22},
  number = {3}
}

@book{pascal1999,
  title = {Pensées and Other Writings},
  author = {Pascal, Blaise},
  editor = {Levi, Anthony},
  date = {1999-06-10},
  origdate = {1670},
  publisher = {{Oxford University Press}},
  location = {{Oxford; New York}},
  isbn = {978-0-19-283655-7},
  translator = {Levi, Honor}
}

@book{penrose2009,
  title = {The {{Theory}} of the {{Growth}} of the {{Firm}}},
  author = {Penrose, Edith},
  date = {2009},
  origdate = {1959},
  edition = {4. ed., rev. ed},
  publisher = {{Oxford University Press}},
  eprint = {zCAUDAAAQBAJ},
  eprinttype = {googlebooks},
  isbn = {978-0-19-957384-4},
  pagetotal = {249}
}

@book{porter1980,
  title = {Competitive {{Strategy}}: {{Techniques}} for {{Analyzing Industries}} and {{Competitors}}},
  shorttitle = {Competitive {{Strategy}}},
  author = {Porter, Michael E.},
  date = {1980},
  publisher = {{Free Press}},
  eprint = {sDSxAQAACAAJ},
  eprinttype = {googlebooks},
  isbn = {978-0-684-84148-9},
  pagetotal = {432}
}

@book{porter1985,
  title = {Competitive {{Advantage}}: {{Creating}} and {{Sustaining Superior Performance}}},
  shorttitle = {Competitive {{Advantage}}},
  author = {Porter, Michael E.},
  date = {1985},
  publisher = {{Free Press}},
  eprint = {7UqQXsQ_dj4C},
  eprinttype = {googlebooks},
  isbn = {978-1-4165-9584-7},
  pagetotal = {519}
}

@article{porter1987,
  title = {From Competitive Advantage to Corporate Strategy},
  author = {Porter, Michael E.},
  date = {1987},
  journaltitle = {Harvard Business Review},
  shortjournal = {Harvard Business Review},
  volume = {65},
  pages = {43--43},
  publisher = {{Harvard Business School Publication Corp.}},
  issn = {00178012},
  url = {https://hbr.org/1987/05/from-competitive-advantage-to-corporate-strategy},
  number = {3}
}

@article{potter2012,
  title = {Interactive Visualization of Probability and Cumulative Density Functions},
  author = {Potter, Kristin and Kirby, Robert Michael and Xiu, Dongbin and Johnson, Chris R.},
  date = {2012},
  journaltitle = {International Journal for Uncertainty Quantification},
  shortjournal = {Int. J. UncertaintyQuantification},
  volume = {2},
  pages = {397--412},
  issn = {2152-5080},
  doi = {10/ghhdw2},
  url = {http://www.dl.begellhouse.com/journals/52034eb04b657aea,43e225911b944538,47df428f4bae4afa.html},
  urldate = {2021-06-08},
  number = {4}
}

@article{powell2011,
  title = {Behavioral Strategy},
  author = {Powell, Thomas C. and Lovallo, Dan and Fox, Craig R.},
  date = {2011-12},
  journaltitle = {Strategic Management Journal},
  shortjournal = {Strat. Mgmt. J.},
  volume = {32},
  pages = {1369--1386},
  issn = {01432095},
  doi = {10/d8m8pw},
  url = {http://doi.wiley.com/10.1002/smj.968},
  urldate = {2020-06-09},
  isbn = {0143-2095},
  number = {13}
}

@article{puri2007,
  title = {Optimism and Economic Choice},
  author = {Puri, Manju and Robinson, David T},
  date = {2007-10},
  journaltitle = {Journal of Financial Economics},
  volume = {86},
  pages = {71--99},
  doi = {10/c9839j},
  url = {http://linkinghub.elsevier.com/retrieve/pii/S0304405X07001122},
  number = {1}
}

@article{rabin2009,
  title = {Narrow {{Bracketing}} and {{Dominated Choices}}},
  author = {Rabin, Matthew and Weizsäcker, Georg},
  date = {2009-08},
  journaltitle = {American Economic Review},
  shortjournal = {American Economic Review},
  volume = {99},
  pages = {1508--1543},
  issn = {0002-8282},
  doi = {10/fk4rmz},
  url = {http://pubs.aeaweb.org/doi/10.1257/aer.99.4.1508},
  urldate = {2019-10-11},
  number = {4}
}

@article{rajan2000,
  title = {The {{Cost}} of {{Diversity}}: {{The Diversification Discount}} and {{Inefficient Investment}}},
  shorttitle = {The {{Cost}} of {{Diversity}}},
  author = {Rajan, Raghuram and Servaes, Henri and Zingales, Luigi},
  date = {2000},
  journaltitle = {The Journal of Finance},
  volume = {55},
  pages = {35--80},
  issn = {1540-6261},
  doi = {10/bdsh6h},
  url = {https://onlinelibrary.wiley.com/doi/abs/10.1111/0022-1082.00200},
  urldate = {2021-06-10},
  number = {1}
}

@article{ratcliff2020,
  title = {Overcoming {{Resistance Through Narratives}}: {{Findings}} from a {{Meta}}-{{Analytic Review}}},
  shorttitle = {Overcoming {{Resistance Through Narratives}}},
  author = {Ratcliff, Chelsea L and Sun, Ye},
  date = {2020-10-01},
  journaltitle = {Human Communication Research},
  shortjournal = {Human Communication Research},
  volume = {46},
  pages = {412--443},
  issn = {0360-3989},
  doi = {10/gjscrm},
  url = {https://doi.org/10.1093/hcr/hqz017},
  urldate = {2021-04-06},
  number = {4}
}

@article{read1995,
  title = {Diversification Bias: {{Explaining}} the Discrepancy in Variety Seeking between Combined and Separated Choices.},
  author = {Read, Daniel and Loewenstein, George},
  date = {1995},
  journaltitle = {Journal of Experimental Psychology: Applied},
  shortjournal = {Journal of Experimental Psychology: Applied},
  volume = {1},
  pages = {34},
  issn = {1939-2192},
  doi = {10/fcgvrw},
  number = {1}
}

@article{read1999,
  title = {Choice {{Bracketing}}},
  author = {Read, Daniel and Loewenstein, George and Rabin, Matthew},
  date = {1999-12-01},
  journaltitle = {Journal of Risk and Uncertainty},
  shortjournal = {Journal of Risk and Uncertainty},
  volume = {19},
  pages = {171--197},
  issn = {1573-0476},
  doi = {10/dh3rmv},
  url = {https://doi.org/10.1023/A:1007879411489},
  urldate = {2019-10-12},
  number = {1}
}

@article{redelmeier1992,
  title = {On the {{Framing}} of {{Multiple Prospects}}},
  author = {Redelmeier, Donald A. and Tversky, Amos},
  date = {1992-05},
  journaltitle = {Psychological Science},
  shortjournal = {Psychol Sci},
  volume = {3},
  pages = {191--193},
  issn = {0956-7976, 1467-9280},
  doi = {10/ctw2k6},
  url = {http://journals.sagepub.com/doi/10.1111/j.1467-9280.1992.tb00025.x},
  urldate = {2019-10-11},
  number = {3}
}

@article{reichelstein1997,
  title = {Investment {{Decisions}} and {{Managerial Performance Evaluation}}},
  author = {Reichelstein, Stefan},
  date = {1997-06-01},
  journaltitle = {Review of Accounting Studies},
  shortjournal = {Review of Accounting Studies},
  volume = {2},
  pages = {157--180},
  issn = {1573-7136},
  doi = {10/fp2zqc},
  url = {https://doi.org/10.1023/A:1018376808228},
  urldate = {2021-04-26},
  number = {2}
}

@article{reinard1988,
  title = {The {{Empirical Study}} of the {{Persuasive Effects}} of {{Evidence The Status After Fifty Years}} of {{Research}}},
  author = {Reinard, Joohn C.},
  date = {1988},
  journaltitle = {Human Communication Research},
  volume = {15},
  pages = {3--59},
  issn = {1468-2958},
  doi = {10/ccb67v},
  url = {https://onlinelibrary.wiley.com/doi/abs/10.1111/j.1468-2958.1988.tb00170.x},
  urldate = {2020-01-11},
  number = {1}
}

@thesis{reinhart2006,
  title = {Comparing the Persuasive Effects of Narrative versus Statistical Messages: {{A}} Meta -Analytic Review},
  shorttitle = {Comparing the Persuasive Effects of Narrative versus Statistical Messages},
  author = {Reinhart, Amber Marie},
  date = {2006},
  institution = {{State University of New York at Buffalo}},
  location = {{New York, US}},
  url = {https://www.researchgate.net/profile/Amber-Reinhart/publication/34707525_Comparing_the_persuasive_effects_of_narrative_versus_statistical_messages_electronic_resource_A_meta-analytic_review/links/57335b6108ae9f741b26120c/Comparing-the-persuasive-effects-of-narrative-versus-statistical-messages-electronic-resource-A-meta-analytic-review.pdf},
  isbn = {9780542630057},
  pagetotal = {103},
  type = {Ph.D.}
}

@article{remer1993,
  title = {Survey of Project Evaluation Techniques Currently Used in Industry},
  author = {Remer, Donald S. and Stokdyk, Scott B. and Van Driel, Mike},
  date = {1993-08-01},
  journaltitle = {International Journal of Production Economics},
  shortjournal = {International Journal of Production Economics},
  volume = {32},
  pages = {103--115},
  issn = {0925-5273},
  doi = {10/bsc6bs},
  url = {https://www.sciencedirect.com/science/article/pii/092552739390013B},
  urldate = {2021-04-25},
  number = {1}
}

@article{ristovski2014,
  title = {Uncertainty in Medical Visualization: {{Towards}} a Taxonomy},
  shorttitle = {Uncertainty in Medical Visualization},
  author = {Ristovski, Gordan and Preusser, Tobias and Hahn, Horst K. and Linsen, Lars},
  date = {2014-04},
  journaltitle = {Computers \& Graphics},
  shortjournal = {Computers \& Graphics},
  volume = {39},
  pages = {60--73},
  publisher = {{Pergamon}},
  issn = {00978493},
  doi = {10/f5v59d},
  url = {https://linkinghub.elsevier.com/retrieve/pii/S0097849313001568},
  urldate = {2019-10-21}
}

@article{robinson1944,
  title = {Getting {{Most Impressions Per Dollar}}},
  author = {Robinson, Cecile L.},
  date = {1944-07-03},
  journaltitle = {Broadcasting},
  volume = {27},
  pages = {13},
  url = {https://worldradiohistory.com/Archive-BC/BC-1944/1944-07-03-BC.pdf},
  entrysubtype = {magazine},
  number = {1}
}

@report{rosenbaum2020,
  title = {Extracting Summary Statistics of Rapid Numerical Sequences},
  author = {Rosenbaum, David Mitrani and Glickman, Moshe and Usher, Marius},
  date = {2020-07-30},
  institution = {{PsyArXiv}},
  doi = {10.31234/osf.io/6scav},
  url = {https://osf.io/6scav},
  urldate = {2021-02-11},
  type = {preprint}
}

@article{ross1999,
  title = {Adding {{Risks}}: {{Samuelson}}'s {{Fallacy}} of {{Large Numbers Revisited}}},
  author = {Ross, Stephen A.},
  date = {1999},
  journaltitle = {The Journal of Financial and Quantitative Analysis},
  volume = {34},
  pages = {323--339},
  issn = {00221090, 17566916},
  doi = {10/bj6r8r},
  eprint = {2676262},
  eprinttype = {jstor},
  number = {3}
}

@article{roxburgh2003,
  title = {Hidden Flaws in Strategy},
  author = {Roxburgh, Charles},
  date = {2003},
  journaltitle = {McKinsey Quarterly},
  url = {https://www.mckinsey.com/business-functions/strategy-and-corporate-finance/our-insights/hidden-flaws-in-strategy},
  entrysubtype = {magazine},
  number = {2}
}

@article{ruggeri2020,
  title = {Replicating Patterns of Prospect Theory for Decision under Risk},
  author = {Ruggeri, Kai and Alí, Sonia and Berge, Mari Louise and Bertoldo, Giulia and Bjørndal, Ludvig D. and Cortijos-Bernabeu, Anna and Davison, Clair and Demić, Emir and Esteban-Serna, Celia and Friedemann, Maja and Gibson, Shannon P. and Jarke, Hannes and Karakasheva, Ralitsa and Khorrami, Peggah R. and Kveder, Jakob and Andersen, Thomas Lind and Lofthus, Ingvild S. and McGill, Lucy and Nieto, Ana E. and Pérez, Jacobo and Quail, Sahana K. and Rutherford, Charlotte and Tavera, Felice L. and Tomat, Nastja and Reyn, Chiara Van and Većkalov, Bojana and Wang, Keying and Yosifova, Aleksandra and Papa, Francesca and Rubaltelli, Enrico and van der Linden, Sander and Folke, Tomas},
  date = {2020-06},
  journaltitle = {Nature Human Behaviour},
  volume = {4},
  pages = {622--633},
  publisher = {{Nature Publishing Group}},
  issn = {2397-3374},
  doi = {10/ggwrdh},
  url = {https://www.nature.com/articles/s41562-020-0886-x},
  urldate = {2021-05-29},
  issue = {6},
  number = {6}
}

@book{rumelt1974,
  title = {Strategy, {{Structure}}, and {{Economic Performance}}},
  author = {Rumelt, Richard P.},
  date = {1974},
  publisher = {{Division of Research, Graduate School of Business Administration, Harvard University}},
  eprint = {f1WqAAAAIAAJ},
  eprinttype = {googlebooks},
  isbn = {978-0-87584-109-0},
  pagetotal = {264}
}

@article{samuelson1963,
  title = {Risk and {{Uncertainty}}: {{A Fallacy}} of {{Large Numbers}}},
  author = {Samuelson, Paul A},
  date = {1963},
  journaltitle = {Scientia},
  volume = {57},
  pages = {108--113},
  url = {https://www.casact.org/sites/default/files/database/forum_94sforum_94sf049.pdf},
  number = {98}
}

@article{schaefer1973,
  title = {The Assessment of Subjective Probability Distributions: {{A}} Training Experiment},
  shorttitle = {The Assessment of Subjective Probability Distributions},
  author = {Schaefer, Ralf E. and Borcherding, Katrin},
  date = {1973-04-01},
  journaltitle = {Acta Psychologica},
  shortjournal = {Acta Psychologica},
  volume = {37},
  pages = {117--129},
  issn = {0001-6918},
  doi = {10/dpzkfb},
  url = {https://www.sciencedirect.com/science/article/pii/0001691873900255},
  urldate = {2021-04-21},
  number = {2}
}

@article{schwenk1984,
  title = {Cognitive Simplification Processes in Strategic Decision-Making},
  author = {Schwenk, Charles R.},
  date = {1984},
  journaltitle = {Strategic Management Journal},
  volume = {5},
  pages = {111--128},
  issn = {1097-0266},
  doi = {10/b2hsgw},
  url = {https://onlinelibrary.wiley.com/doi/abs/10.1002/smj.4250050203},
  urldate = {2021-04-22},
  number = {2}
}

@article{scott2018,
  title = {{{GE}} Breakup Leaves It with Best and Worst Performers},
  author = {Scott, Alwyn},
  date = {2018-06-26},
  journaltitle = {Reuters},
  url = {https://www.reuters.com/article/us-ge-divestiture-idUSKBN1JM0ZT},
  entrysubtype = {newspaper}
}

@article{sengul2019,
  title = {The {{Allocation}} of {{Capital}} within {{Firms}}},
  author = {Sengul, Metin and Costa, Afonso Almeida and Gimeno, Javier},
  date = {2019-01},
  journaltitle = {Academy of Management Annals},
  shortjournal = {ANNALS},
  volume = {13},
  pages = {43--83},
  issn = {1941-6520, 1941-6067},
  doi = {10/gfgvqj},
  url = {http://journals.aom.org/doi/10.5465/annals.2017.0009},
  urldate = {2020-07-09},
  number = {1}
}

@article{shapira2014,
  title = {Confounding Changes in Averages with Marginal Effects: {{How}} Anchoring Can Destroy Economic Value in Strategic Investment Assessments},
  shorttitle = {Confounding Changes in Averages with Marginal Effects},
  author = {Shapira, Zur and Shaver, J. Myles},
  date = {2014},
  journaltitle = {Strategic Management Journal},
  volume = {35},
  pages = {1414--1426},
  issn = {1097-0266},
  doi = {10/gkhfb3},
  url = {https://onlinelibrary.wiley.com/doi/abs/10.1002/smj.2165},
  urldate = {2021-06-10},
  number = {10}
}

@article{shelton1988,
  title = {Strategic Business Fits and Corporate Acquisition: {{Empirical}} Evidence},
  shorttitle = {Strategic Business Fits and Corporate Acquisition},
  author = {Shelton, Lois M.},
  date = {1988},
  journaltitle = {Strategic Management Journal},
  volume = {9},
  pages = {279--287},
  issn = {1097-0266},
  doi = {10/fbhcgd},
  url = {https://onlinelibrary.wiley.com/doi/abs/10.1002/smj.4250090307},
  urldate = {2021-04-19},
  number = {3}
}

@article{shen2015,
  title = {Impact of {{Narratives}} on {{Persuasion}} in {{Health Communication}}: {{A Meta}}-{{Analysis}}},
  shorttitle = {Impact of {{Narratives}} on {{Persuasion}} in {{Health Communication}}},
  author = {Shen, Fuyuan and Sheer, Vivian C. and Li, Ruobing},
  date = {2015-04-03},
  journaltitle = {Journal of Advertising},
  volume = {44},
  pages = {105--113},
  issn = {0091-3367},
  doi = {10/gfkwj7},
  url = {https://doi.org/10.1080/00913367.2015.1018467},
  urldate = {2020-01-11},
  number = {2}
}

@article{sibony2017,
  title = {Behavioral {{Strategy}} and the {{Strategic Decision Architecture}} of the {{Firm}}},
  author = {Sibony, Olivier and Lovallo, Dan and Powell, Thomas C.},
  date = {2017-05-01},
  journaltitle = {California Management Review},
  shortjournal = {California Management Review},
  volume = {59},
  pages = {5--21},
  publisher = {{SAGE Publications Inc}},
  issn = {0008-1256},
  doi = {10/gcp2w3},
  number = {3}
}

@article{simon1955,
  title = {A {{Behavioral Model}} of {{Rational Choice}}},
  author = {Simon, Herbert A.},
  date = {1955-02},
  journaltitle = {The Quarterly Journal of Economics},
  shortjournal = {The Quarterly Journal of Economics},
  volume = {69},
  pages = {99},
  issn = {00335533},
  doi = {10/dw3pfg},
  url = {https://academic.oup.com/qje/article-lookup/doi/10.2307/1884852},
  urldate = {2020-04-15},
  number = {1}
}

@article{smith1991,
  title = {Heuristics and Biases: {{Expertise}} and Task Realism in Auditing.},
  author = {Smith, James F and Kida, Thomas},
  date = {1991},
  journaltitle = {Psychological bulletin},
  shortjournal = {Psychological bulletin},
  volume = {109},
  pages = {472--489},
  issn = {1939-1455},
  doi = {10/fwv6z6},
  number = {3}
}

@article{sokolhessner2009,
  title = {Thinking like a Trader Selectively Reduces Individuals' Loss Aversion},
  author = {Sokol-Hessner, Peter and Hsu, M. and Curley, N. G. and Delgado, M. R. and Camerer, C. F. and Phelps, E. A.},
  date = {2009-03-31},
  journaltitle = {Proceedings of the National Academy of Sciences},
  shortjournal = {Proceedings of the National Academy of Sciences},
  volume = {106},
  pages = {5035--5040},
  publisher = {{National Academy of Sciences}},
  issn = {0027-8424, 1091-6490},
  doi = {10/fhdrcw},
  url = {http://www.pnas.org/cgi/doi/10.1073/pnas.0806761106},
  urldate = {2019-10-11},
  eprint = {19289824},
  eprinttype = {pmid},
  number = {13},
  pmcid = {PMC2656558}
}

@article{sokolhessner2012,
  title = {Emotion Regulation Reduces Loss Aversion and Decreases Amygdala Responses to Losses},
  author = {Sokol-Hessner, Peter and Camerer, Colin F. and Phelps, Elizabeth A.},
  date = {2012},
  journaltitle = {Social Cognitive and Affective Neuroscience},
  volume = {8},
  pages = {341--350},
  issn = {1749-5024, 1749-5016},
  doi = {10/fx5cn6},
  url = {https://academic.oup.com/scan/article/8/3/341/1723906},
  urldate = {2019-10-11},
  number = {3}
}

@article{soll2004,
  title = {Overconfidence in {{Interval Estimates}}.},
  author = {Soll, Jack B. and Klayman, Joshua},
  date = {2004},
  journaltitle = {Journal of Experimental Psychology: Learning, Memory, and Cognition},
  shortjournal = {Journal of Experimental Psychology: Learning, Memory, and Cognition},
  volume = {30},
  pages = {299--314},
  issn = {1939-1285, 0278-7393},
  doi = {10/dtpsvd},
  url = {http://doi.apa.org/getdoi.cfm?doi=10.1037/0278-7393.30.2.299},
  urldate = {2019-10-21},
  number = {2}
}

@article{spiegelhalter2011,
  title = {Visualizing Uncertainty about the Future},
  author = {Spiegelhalter, David and Pearson, Mike and Short, Ian},
  date = {2011-09},
  journaltitle = {Science},
  volume = {333},
  pages = {1393--1400},
  publisher = {{American Association for the Advancement of Science}},
  doi = {10.1126/science.1191181},
  url = {http://www.sciencemag.org/cgi/doi/10.1126/science.1191181},
  eprint = {21903802},
  eprinttype = {pmid},
  number = {6048}
}

@article{staelvonholstein1971,
  title = {Two Techniques for Assessment of Subjective Probability Distributions — {{An}} Experimental Study},
  author = {von Holstein, Carl-Axel S. Staël},
  date = {1971-12-01},
  journaltitle = {Acta Psychologica},
  shortjournal = {Acta Psychologica},
  volume = {35},
  pages = {478--494},
  issn = {0001-6918},
  doi = {10/fgg6jn},
  url = {https://www.sciencedirect.com/science/article/pii/0001691871900059},
  urldate = {2021-04-21},
  number = {6},
  options = {useprefix=true}
}

@article{staw1981,
  title = {The {{Escalation}} of {{Commitment To}} a {{Course}} of {{Action}}},
  author = {Staw, Barry M.},
  date = {1981-10-01},
  journaltitle = {Academy of Management Review},
  shortjournal = {AMR},
  volume = {6},
  pages = {577--587},
  publisher = {{Academy of Management}},
  issn = {0363-7425},
  doi = {10/fdqtjg},
  url = {https://journals.aom.org/doi/abs/10.5465/AMR.1981.4285694},
  urldate = {2021-04-22},
  number = {4}
}

@article{stutzer2013,
  title = {Misperceptions of Long-Term Investment Performance {{Insights}} from an Experiment},
  author = {Stutzer, Michael},
  date = {2013},
  journaltitle = {The Journal of Behavioral Finance \& Economics},
  volume = {3},
  pages = {1--20},
  issn = {1551-9570},
  url = {http://www.aobf.org/wp-content/uploads/2020/06/1-Stutzer-and-Grant.pdf},
  number = {1}
}

@article{su2013,
  title = {Is Making a Risky Choice Based on a Weighting and Adding Process? {{An}} Eye-Tracking Investigation.},
  shorttitle = {Is Making a Risky Choice Based on a Weighting and Adding Process?},
  author = {Su, Yin and Rao, Li-Lin and Sun, Hong-Yue and Du, Xue-Lei and Li, Xingshan and Li, Shu},
  date = {2013},
  journaltitle = {Journal of Experimental Psychology: Learning, Memory, and Cognition},
  shortjournal = {Journal of Experimental Psychology: Learning, Memory, and Cognition},
  volume = {39},
  pages = {1765--1780},
  issn = {1939-1285, 0278-7393},
  doi = {10/gjscr2},
  url = {http://doi.apa.org/getdoi.cfm?doi=10.1037/a0032861},
  urldate = {2019-10-11},
  number = {6}
}

@article{swalm1966,
  title = {Utility {{Theory}}–{{Insights}} into {{Risk Taking}}},
  author = {Swalm, Ralph O.},
  date = {1966},
  journaltitle = {Harvard Business Review},
  shortjournal = {Harvard Business Review},
  volume = {44},
  pages = {123--136},
  publisher = {{Harvard Business School Publication Corp.}},
  issn = {00178012},
  number = {6}
}

@book{taleb2007,
  title = {The {{Black Swan}}: {{The Impact}} of the {{Highly Improbable}}},
  author = {Taleb, Nassim Nicholas},
  date = {2007},
  publisher = {{Random House}}
}

@article{teece1980,
  title = {Economies of Scope and the Scope of the Enterprise},
  author = {Teece, David J.},
  date = {1980-09-01},
  journaltitle = {Journal of Economic Behavior \& Organization},
  shortjournal = {Journal of Economic Behavior \& Organization},
  volume = {1},
  pages = {223--247},
  issn = {0167-2681},
  doi = {10/fxcj3r},
  url = {https://www.sciencedirect.com/science/article/pii/0167268180900025},
  urldate = {2021-04-22},
  number = {3}
}

@article{teece1982,
  title = {Towards an Economic Theory of the Multiproduct Firm},
  author = {Teece, David J.},
  date = {1982-03-01},
  journaltitle = {Journal of Economic Behavior \& Organization},
  shortjournal = {Journal of Economic Behavior \& Organization},
  volume = {3},
  pages = {39--63},
  issn = {0167-2681},
  doi = {10/bdwvvq},
  url = {https://www.sciencedirect.com/science/article/pii/0167268182900038},
  urldate = {2021-04-22},
  number = {1}
}

@article{thaler1997,
  title = {The {{Effect}} of {{Myopia}} and {{Loss Aversion}} on {{Risk Taking}}: {{An Experimental Test}}},
  shorttitle = {The {{Effect}} of {{Myopia}} and {{Loss Aversion}} on {{Risk Taking}}},
  author = {Thaler, Richard H. and Tversky, A. and Kahneman, D. and Schwartz, A.},
  date = {1997-05-01},
  journaltitle = {The Quarterly Journal of Economics},
  shortjournal = {The Quarterly Journal of Economics},
  volume = {112},
  pages = {647--661},
  issn = {0033-5533, 1531-4650},
  doi = {10/fcf346},
  url = {https://academic.oup.com/qje/article-lookup/doi/10.1162/003355397555226},
  urldate = {2019-10-11},
  number = {2}
}

@article{thaler1999,
  title = {Mental Accounting Matters},
  author = {Thaler, Richard H.},
  date = {1999},
  journaltitle = {Journal of Behavioral decision making},
  shortjournal = {Journal of Behavioral decision making},
  volume = {12},
  pages = {183--206},
  issn = {0894-3257},
  doi = {10/d4njp3},
  number = {3}
}

@article{thamhain2014,
  title = {Assessing the {{Effectiveness}} of {{Quantitative}} and {{Qualitative Methods}} for {{R}}\&{{D Project Proposal Evaluations}}},
  author = {Thamhain, Hans J.},
  date = {2014-09-01},
  journaltitle = {Engineering Management Journal},
  volume = {26},
  pages = {3--12},
  publisher = {{Taylor \& Francis}},
  issn = {1042-9247},
  doi = {10/gjsm2q},
  url = {https://doi.org/10.1080/10429247.2014.11432015},
  urldate = {2021-04-25},
  number = {3}
}

@article{tom2007,
  title = {The {{Neural Basis}} of {{Loss Aversion}} in {{Decision}}-{{Making Under Risk}}},
  author = {Tom, Sabrina M. and Fox, Craig R. and Trepel, Christopher and Poldrack, Russell A.},
  date = {2007-01-26},
  journaltitle = {Science},
  volume = {315},
  pages = {515--518},
  issn = {0036-8075, 1095-9203},
  doi = {10/bhtqgn},
  url = {https://www.sciencemag.org/lookup/doi/10.1126/science.1134239},
  eprint = {17255512},
  eprinttype = {pmid},
  isbn = {1095-9203 (Electronic)n0036-8075 (Linking)},
  number = {5811}
}

@inproceedings{torsneyweir2015,
  title = {Decision Making in Uncertainty Visualization},
  author = {Torsney-Weir, Thomas and Sedlmair, Michael and Möller, Torsten},
  date = {2015-10},
  location = {{Chicago, USA}},
  url = {http://eprints.cs.univie.ac.at/4598/},
  eventtitle = {{{VDMU Workshop}} on {{Visualization}} for {{Decision Making}} under {{Uncertainty}} 2015}
}

@article{tversky1974,
  title = {Judgment under {{Uncertainty}}: {{Heuristics}} and {{Biases}}},
  shorttitle = {Judgment under {{Uncertainty}}},
  author = {Tversky, Amos and Kahneman, Daniel},
  date = {1974-09-27},
  journaltitle = {Science},
  volume = {185},
  pages = {1124--1131},
  publisher = {{American Association for the Advancement of Science}},
  issn = {0036-8075, 1095-9203},
  doi = {10/gwh},
  url = {https://science.sciencemag.org/content/185/4157/1124},
  urldate = {2021-04-21},
  eprint = {17835457},
  eprinttype = {pmid},
  number = {4157}
}

@article{tversky1981,
  title = {The Framing of Decisions and the Psychology of Choice},
  author = {Tversky, Amos and Kahneman, Daniel},
  date = {1981},
  journaltitle = {Science},
  volume = {211},
  pages = {453--458},
  publisher = {{American Assn for the Advancement of Science}},
  location = {{US}},
  issn = {1095-9203(Electronic),0036-8075(Print)},
  doi = {10/fj3z3r},
  number = {4481}
}

@article{tversky1992,
  title = {Advances in Prospect Theory: {{Cumulative}} Representation of Uncertainty},
  shorttitle = {Advances in Prospect Theory},
  author = {Tversky, Amos and Kahneman, Daniel},
  date = {1992-10-01},
  journaltitle = {Journal of Risk and Uncertainty},
  shortjournal = {J Risk Uncertainty},
  volume = {5},
  pages = {297--323},
  issn = {1573-0476},
  doi = {10/cb57hk},
  url = {https://doi.org/10.1007/BF00122574},
  urldate = {2021-04-07},
  eprint = {15795132},
  eprinttype = {pmid},
  isbn = {0895-5646},
  number = {4}
}

@article{ullrich2004,
  title = {The {{Effects}} of {{Comprehensive Information Reporting Systems}} and {{Economic Incentives}} on {{Managers}}' {{Time}}-{{Planning Decisions}}},
  author = {Ullrich, Mark J. and Tuttle, Brad M.},
  date = {2004-03},
  journaltitle = {Behavioral Research in Accounting},
  shortjournal = {Behavioral Research in Accounting},
  volume = {16},
  pages = {89--105},
  publisher = {{American Accounting Association}},
  issn = {10504753},
  doi = {10/b99r4n},
  url = {http://search.ebscohost.com/login.aspx?direct=true&db=bsu&AN=13285067&site=bsi-live},
  urldate = {2021-04-26}
}

@manual{ushey2021,
  title = {Renv: {{Project}} Environments},
  author = {Ushey, Kevin},
  date = {2021},
  url = {https://CRAN.R-project.org/package=renv},
  type = {manual}
}

@article{venkatraman2006,
  title = {Multiple Prospect Framing and Decision Behavior: {{The}} Mediational Roles of Perceived Riskiness and Perceived Ambiguity},
  shorttitle = {Multiple Prospect Framing and Decision Behavior},
  author = {Venkatraman, Srinivasan and Aloysius, John A. and Davis, Fred D.},
  date = {2006-09},
  journaltitle = {Organizational Behavior and Human Decision Processes},
  shortjournal = {Organizational Behavior and Human Decision Processes},
  volume = {101},
  pages = {59--73},
  issn = {07495978},
  doi = {10/dszh5v},
  url = {https://linkinghub.elsevier.com/retrieve/pii/S0749597806000446},
  urldate = {2019-10-11},
  number = {1}
}

@report{vivalt2018,
  title = {How {{Do Policymakers Update}}?},
  author = {Vivalt, Eva and Coville, Aidan},
  date = {2018},
  url = {http://barrett.dyson.cornell.edu/NEUDC/paper_573.pdf}
}

@report{vivalt2021,
  title = {How {{Do Policy}}-{{Makers Update Their Beliefs}}?},
  author = {Vivalt, Eva and Coville, Aidan},
  date = {2021-04-23},
  pages = {51},
  url = {http://evavivalt.com/wp-content/uploads/How-Do-Policymakers-Update.pdf}
}

@book{vonneumann1944,
  title = {Theory of {{Games}} and {{Economic Behavior}}},
  author = {von Neumann, John and Morgenstern, Oskar and Rubinstein, Ariel},
  date = {1944},
  publisher = {{Princeton University Press}},
  eprint = {j.ctt1r2gkx},
  eprinttype = {jstor},
  isbn = {978-0-691-13061-3},
  options = {useprefix=true}
}

@article{wainberg2013,
  title = {The Impact of Anecdotal Data in Regulatory Audit Firm Inspection Reports},
  author = {Wainberg, James S. and Kida, Thomas and David Piercey, M. and Smith, James F.},
  date = {2013-11-01},
  journaltitle = {Accounting, Organizations and Society},
  shortjournal = {Accounting, Organizations and Society},
  volume = {38},
  pages = {621--636},
  issn = {0361-3682},
  doi = {10/gjscqz},
  url = {http://www.sciencedirect.com/science/article/pii/S0361368213000718},
  urldate = {2020-01-11},
  number = {8}
}

@incollection{wainberg2018,
  title = {Stories vs {{Statistics}}: {{The Impact}} of {{Anecdotal Data}} on {{Managerial Decision Making}}},
  shorttitle = {Stories vs {{Statistics}}},
  booktitle = {Advances in {{Accounting Behavioral Research}}},
  author = {Wainberg, James S.},
  date = {2018-01-01},
  volume = {21},
  pages = {127--141},
  publisher = {{Emerald Publishing Limited}},
  doi = {10.1108/S1475-148820180000021006},
  url = {https://doi.org/10.1108/S1475-148820180000021006},
  urldate = {2020-01-11},
  isbn = {978-1-78756-543-2 978-1-78756-544-9},
  series = {Advances in {{Accounting Behavioural Research}}}
}

@article{webb2017,
  title = {Is Broad Bracketing Always Better? {{How}} Broad Decision Framing Leads to More Optimal Preferences over Repeated Gambles},
  author = {Webb, Elizabeth C and Shu, Suzanne B},
  date = {2017},
  journaltitle = {Judgment and Decision Making},
  shortjournal = {Judgment and Decision Making},
  volume = {12},
  pages = {382},
  issn = {1930-2975},
  url = {http://journal.sjdm.org/17/17317/jdm17317.pdf},
  number = {4}
}

@article{weber1998,
  title = {Cross-{{Cultural Differences}} in {{Risk Perception}}, but {{Cross}}-{{Cultural Similarities}} in {{Attitudes Towards Perceived Risk}}},
  author = {Weber, Elke U. and Hsee, Christopher},
  date = {1998-09-01},
  journaltitle = {Management Science},
  shortjournal = {Management Science},
  volume = {44},
  pages = {1205--1217},
  publisher = {{INFORMS}},
  issn = {0025-1909},
  doi = {10/c4rqqd},
  url = {https://pubsonline.informs.org/doi/abs/10.1287/mnsc.44.9.1205},
  urldate = {2021-04-20},
  eprint = {1244144},
  eprinttype = {pmid},
  isbn = {00251909},
  number = {9}
}

@article{wedell1990,
  title = {Moderation of Preference Reversals in the Long Run.},
  author = {Wedell, Douglas H. and Böckenholt, Ulf},
  date = {1990},
  journaltitle = {Journal of Experimental Psychology: Human Perception and Performance},
  shortjournal = {Journal of Experimental Psychology: Human Perception and Performance},
  volume = {16},
  pages = {429--438},
  issn = {0096-1523},
  doi = {10/bmn8hf},
  url = {http://doi.apa.org/getdoi.cfm?doi=10.1037/0096-1523.16.2.429},
  urldate = {2019-10-11},
  number = {2}
}

@article{wedell1994,
  title = {Contemplating {{Single}} versus {{Multiple Encounters}} of a {{Risky Prospect}}},
  author = {Wedell, Douglas H. and Bockenholt, Ulf},
  date = {1994},
  journaltitle = {The American Journal of Psychology},
  shortjournal = {The American Journal of Psychology},
  volume = {107},
  pages = {499},
  publisher = {{University of Illinois Press}},
  issn = {00029556},
  doi = {10/b4fs2p},
  eprint = {1422997},
  eprinttype = {jstor},
  number = {4}
}

@article{wernerfelt1984,
  title = {A {{Resource}}-{{Based View}} of the {{Firm}}},
  author = {Wernerfelt, Birger},
  date = {1984},
  journaltitle = {Strategic Management Journal},
  volume = {5},
  pages = {171--180},
  publisher = {{Wiley}},
  issn = {0143-2095},
  doi = {10/cm664p},
  eprint = {2486175},
  eprinttype = {jstor},
  number = {2}
}

@article{wernerfelt1988,
  title = {Tobin's q and the {{Importance}} of {{Focus}} in {{Firm Performance}}},
  author = {Wernerfelt, Birger and Montgomery, Cynthia A.},
  date = {1988},
  journaltitle = {The American Economic Review},
  volume = {78},
  pages = {246--250},
  issn = {00028282},
  eprint = {1814713},
  eprinttype = {jstor},
  number = {1}
}

@article{williamson1981,
  title = {The {{Economics}} of {{Organization}}: {{The Transaction Cost Approach}}},
  shorttitle = {The {{Economics}} of {{Organization}}},
  author = {Williamson, Oliver E.},
  date = {1981},
  journaltitle = {American Journal of Sociology},
  volume = {87},
  pages = {548--577},
  publisher = {{University of Chicago Press}},
  issn = {0002-9602, 1537-5390},
  doi = {10/bqzkpb},
  eprint = {2778934},
  eprinttype = {jstor},
  number = {3}
}

@article{willigers2017,
  title = {The {{Net}}-{{Present}}-{{Value Paradox}}: {{Criticized}} by {{Many}}, {{Applied}} by {{All}}},
  shorttitle = {The {{Net}}-{{Present}}-{{Value Paradox}}},
  author = {Willigers, Bart J. A. and Jones, Benjamin and Bratvold, Reidar B.},
  date = {2017-10-01},
  journaltitle = {SPE Economics \& Management},
  volume = {9},
  pages = {090--102},
  issn = {2150-1173},
  doi = {10/gjscsx},
  url = {http://www.onepetro.org/doi/10.2118/187937-PA},
  urldate = {2019-12-04},
  number = {04}
}

@article{winterbottom2008,
  title = {Does Narrative Information Bias Individual's Decision Making? {{A}} Systematic Review},
  shorttitle = {Does Narrative Information Bias Individual's Decision Making?},
  author = {Winterbottom, Anna and Bekker, Hilary L. and Conner, Mark and Mooney, Andrew},
  date = {2008-12-01},
  journaltitle = {Social Science \& Medicine},
  shortjournal = {Social Science \& Medicine},
  volume = {67},
  pages = {2079--2088},
  issn = {0277-9536},
  doi = {10/cfpr4z},
  url = {https://www.sciencedirect.com/science/article/pii/S0277953608004619},
  urldate = {2021-04-06},
  number = {12}
}

@article{wulff2018,
  title = {A Meta-Analytic Review of Two Modes of Learning and the Description-Experience Gap.},
  author = {Wulff, Dirk U. and Mergenthaler-Canseco, Max and Hertwig, Ralph},
  date = {2018-02},
  journaltitle = {Psychological Bulletin},
  shortjournal = {Psychological Bulletin},
  volume = {144},
  pages = {140--176},
  issn = {1939-1455, 0033-2909},
  doi = {10/gc2s4c},
  url = {http://doi.apa.org/getdoi.cfm?doi=10.1037/bul0000115},
  urldate = {2019-10-11},
  number = {2}
}

@book{xie2016,
  title = {Bookdown: {{Authoring}} Books and Technical Documents with {{R}} Markdown},
  author = {Xie, Yihui},
  date = {2016},
  publisher = {{Chapman and Hall/CRC}},
  location = {{Boca Raton, Florida}},
  url = {https://bookdown.org/yihui/bookdown}
}

@book{xie2018,
  title = {R Markdown: {{The}} Definitive Guide},
  author = {Xie, Yihui and Allaire, J.J. and Grolemund, Garrett},
  date = {2018},
  publisher = {{Chapman and Hall/CRC}},
  location = {{Boca Raton, Florida}},
  url = {https://bookdown.org/yihui/rmarkdown}
}

@article{yang2015,
  title = {How {{Anxiety Leads}} to {{Suboptimal Decisions Under Risky Choice Situations}}},
  author = {Yang, Zhiyong and Saini, Ritesh and Freling, Traci},
  date = {2015},
  journaltitle = {Risk Analysis},
  volume = {35},
  pages = {1789--1800},
  issn = {1539-6924},
  doi = {10/f7wtcx},
  url = {https://onlinelibrary.wiley.com/doi/abs/10.1111/risa.12343},
  urldate = {2021-04-06},
  number = {10}
}

@article{yates1978,
  title = {Evaluation of Partially Described Multiattribute Options},
  author = {Yates, J. Frank and Jagacinski, Carolyn M. and Faber, Mark D.},
  date = {1978-04-01},
  journaltitle = {Organizational Behavior and Human Performance},
  shortjournal = {Organizational Behavior and Human Performance},
  volume = {21},
  pages = {240--251},
  issn = {0030-5073},
  doi = {10/br3dbv},
  url = {https://www.sciencedirect.com/science/article/pii/0030507378900521},
  urldate = {2021-04-22},
  number = {2}
}

@article{zebregs2015,
  title = {The {{Differential Impact}} of {{Statistical}} and {{Narrative Evidence}} on {{Beliefs}}, {{Attitude}}, and {{Intention}}: {{A Meta}}-{{Analysis}}},
  author = {Zebregs, Simon and van den Putte, Bas and Neijens, Peter and de Graaf, Anneke},
  date = {2015-03-04},
  journaltitle = {Health Communication},
  shortjournal = {Health Communication},
  volume = {30},
  pages = {282--289},
  issn = {1041-0236},
  doi = {10/ghk97p},
  url = {https://doi.org/10.1080/10410236.2013.842528},
  number = {3},
  options = {useprefix=true}
}

@unpublished{zeisberger2020,
  title = {Do {{People Care About Loss Probabilities}}?},
  author = {Zeisberger, Stefan},
  date = {2020-05-15},
  url = {https://ssrn.com/abstract=2169394}
}


